3850 5900
391 343 572 405 tutator
596 347 630 405 0.

134 540 138 547 Ι
169 469 262 553 τῇγδρ
271 470 322 551 ἔχ’,
331 463 351 550 ᾖ
360 474 392 553 βα
402 472 469 531 πολὺ
477 476 600 532 πλεῖσται
609 474 743 535 κλονέοντο
751 474 897 559 φάλαγγες,

171 557 282 641 Ἕκτορι
291 557 337 618 καί
347 558 468 640 ’Τρώεσσι
477 559 653 642 χαριζόμενος·
663 561 734 643 τάχα
745 564 767 623 δ’
778 565 850 647 αὐτῷ

118 666 158 707 tto
171 636 234 718 ἦλθε
243 645 335 718 κακὸν,
345 645 375 705 τό
384 651 408 706 οἴ
419 646 486 715 οὔτις
495 647 620 730 ἐρύκακεν
629 650 738 728 ἱεμένων
746 675 805 734 περ.

172 731 270 813 Αθχένι
279 733 330 816 γάρ
339 738 363 794 σί
372 732 462 794 θπισθε
472 734 629 805 πολύστονος
639 736 751 815 ἔμπεσεν
761 740 805 807 ἰός·

171 820 249 903 ἤριπε
258 822 281 879 δ’
292 819 318 890 ἐξ
327 819 419 901 ὀχέων,
429 821 584 906 ὑπερώησαν
594 824 622 883 δέ
631 829 655 884 οἱ
664 823 754 899 ἵπποι,

170 907 233 968 κείν’
243 908 307 989 όχεα
317 908 471 991 κροτέοντες.
483 907 560 980 Ἀναξ
570 912 592 970 δ’
603 910 692 985 ἐνόησε
701 913 829 995 τάχιστα,

169 996 362 1074 Πουλυδάμας,
372 997 418 1055 καὶ
427 1001 527 1080 πρῶτος
538 998 651 1067 ἐναντίος
661 1000 756 1072 ἤλυθεν
765 1000 862 1061 ἵππων.

116 1105 156 1144 tto
170 1083 238 1153 Tot<
248 1083 296 1164 μὲν
305 1084 344 1165 ὅγ’
355 1083 496 1168 Ἀστυνόῳ,
506 1086 665 1166 Προτιάονος
673 1087 737 1162 υἱέϊ,
748 1091 838 1149 δῶκεν·

169 1174 288 1233 πολλάδ
299 1171 429 1257 ἐπάνιρυνε
438 1173 532 1254 σχεδὸν
544 1173 628 1255 ἴσχειν
637 1174 787 1259 είςορόωντα

167 1264 271 1333 ἵππους
282 1263 359 1334 αὐτὸς
368 1268 390 1325 δ’
402 1256 473 1334 adn<
482 1265 528 1325 ἰὼν
537 1268 712 1349 προμάχοισιν
722 1269 827 1351 ἐμίχθη.

112 1358 119 1409 i
208 1353 896 1440 Τεῦκροςδάλλονθῖστὸνἐρ”Εκτοριχαλκοκορυστῇ

167 1440 271 1513 αἴνυτο,
280 1439 327 1499 καί
335 1464 379 1499 κεν
389 1439 486 1501 ἔπαυσε
496 1441 588 1522 μάχην
598 1443 641 1502 ἐπὶ
650 1443 740 1516 νηυσίν
756 1445 877 1526 Ἀχαιῶν,

111 1546 154 1588 tto
167 1526 193 1586 εἴ
201 1553 246 1606 μιν
256 1525 423 1610 ἀριστεύοντα
435 1526 523 1608 βαλὼν
532 1528 643 1597 ἐξείλετο
653 1532 742 1610 θυμόν.

166 1615 238 1677 Ἀλλ’
249 1617 278 1674 οθ
288 1620 350 1688 λῆθε
360 1614 421 1682 Διὸς
429 1615 535 1675 πυκινόν
544 1615 610 1692 νόον,
621 1617 648 1687 ές
659 1621 682 1703 ρ’
692 1618 836 1731 ἐφύλασσεν

165 1701 287 1785 Ἕκτορ’,
297 1701 363 1784 ἀτδιρ
373 1703 489 1784 Τεῦκρον
503 1706 673 1783 Τελαμώνιον
687 1731 762 1788 ευχος
772 1708 895 1792 ἀπηύρα,

166 1787 229 1856 &ol
239 1788 380 1871 ἐϋστρεφέα
390 1788 482 1872 νευρὴν
491 1793 518 1848 ἐν
528 1791 643 1872 ἀμύμονι
651 1791 717 1876 τόξῳ

166 1875 223 1957 ῥῆξ’
233 1876 277 1936 ἐπὶ
284 1880 323 1958 τῷ
332 1876 440 1959 ἐρύοντι·
451 1877 643 1959 παρεπλάγχθη
654 1880 682 1939 δέ
692 1886 716 1941 ol
726 1882 794 1964 ἄλλη

109 1984 150 2023 tae
165 1962 205 2031 ἴθς
212 1962 396 2045 χαλκοόαριλς,
405 1962 477 2033 τόξον
487 1963 515 2023 δέ
524 1969 548 2023 ol
558 1964 652 2027 ἔκπεσε
660 1967 754 2051 χειρός.

163 2052 314 2132 Τεῦκροςδ
325 2054 353 2133 ἐρ
371 2052 625 2132 ίγησε,κασίγνητον
637 2053 814 2137 δὲπροςηύδα·

205 2138 242 2199 Ὦ
252 2136 346 2211 πόποι,
385 2138 417 2212 δη
427 2139 517 2220 πάγχυ
527 2140 615 2221 μάχης
625 2142 668 2201 ἐπὶ
679 2143 764 2222 μήδεα
774 2143 854 2227 κείρει

164 2223 269 2304 δαίμων
278 2227 419 2309 ἡμετέρης,
430 2225 447 2285 ύ
452 2251 481 2286 τε
491 2250 536 2305 μοι
547 2228 601 2308 βιὸν
611 2227 707 2289 ἔκθαλε
715 2230 815 2312 χειρὸς,

162 2311 258 2394 νευρὴν
268 2314 290 2373 δ’
300 2312 415 2396 ἐξέρρηξε
425 2314 585 2398 νεόστροφον,
595 2315 627 2387 ἣν
636 2315 745 2393 ἐνέδησα

106 2419 150 2460 tro
161 2398 272 2482 πράιῖον,
281 2400 339 2482 ὄφρ’
349 2399 467 2481 ἀνέχοιτο
476 2401 548 2480 θαμδ
558 2401 721 2484 θρώσκοντας
730 2402 837 2472 ὀϊστούς.

203 2488 259 2548 Τὸν
269 2489 293 2546 δ’
303 2487 422 2567 ἠμείβετ’
431 2487 522 2548 ἔπειτα
532 2488 615 2568 μέγας
623 2488 793 2568 Τελαμώνιος
802 2493 878 2562 Αἴας·

160 2565 288 2649 άιπέπον,
298 2574 366 2635 ἀλλά
378 2574 434 2654 βιὸν
445 2573 493 2653 μέν
503 2574 533 2634 έα
543 2575 588 2635 καὶ
597 2575 711 2660 ταρφέας
721 2577 773 2648 ἰοὺς

162 2669 282 2737 κεῖσθαι,
293 2663 350 2723 ἐπεὶ
359 2662 480 2744 συνέχευε
489 2662 558 2737 θεὸς,
569 2667 696 2725 Δαναοῖσι
706 2668 831 2751 μεγήρας·

159 2750 247 2834 αύτδρ
254 2750 345 2834 χερσὶν
356 2749 421 2811 έλδιν
431 2750 535 2831 δολιχὸν
544 2751 619 2835 δόρυ,
630 2753 675 2813 καὶ
685 2753 764 2823 σάκος
772 2755 851 2839 ὤμῳ,

106 2858 148 2899 επ
160 2838 268 2922 μάρναό
275 2863 305 2898 τε
313 2837 436 2921 Τρώεσσι
441 2883 450 2912 ,
459 2837 506 2897 καῖ
515 2837 609 2907 ἀλλους
618 2839 704 2922 ὄρνυθι
713 2841 800 2909 λαούς·

160 2926 199 3006 μὴ
210 2925 265 3006 μάν
274 2923 386 2987 ἀσπουδί
394 2950 438 3007 γε,
449 2925 648 3006 δαμασσάμενοί
656 2953 719 3012 περ,
730 2927 812 2990 ἕλοιεν

159 3021 225 3088 νῆας
234 3013 401 3093 ἐϋσσέλμους·
412 3012 480 3073 ἀλλά
489 3013 649 3094 μνησώμεθα
657 3015 771 3097 χάρμης.

199 3103 252 3172 Ὣς
260 3102 331 3186 φάθ’·
341 3107 355 3162 θ
364 3105 392 3162 δὲ
400 3101 473 3171 τοἜον
483 3101 531 3180 μὲν
540 3102 577 3162 ἐνὶ
586 3105 717 3185 κλισῖῃσιν
727 3103 825 3178 έθηκεν·

161 3189 247 3272 αύτδρ
256 3188 297 3270 ὅγ’
308 3193 375 3272 ἀμφ’
383 3187 479 3269 ὤμοισι
489 3189 568 3258 σάκος
577 3189 635 3249 θέτο
643 3190 856 3272 τετραθέλυμνον·

104 3302 148 3342 teo
161 3279 239 3364 κρατὶ
249 3281 273 3338 δ’
283 3283 326 3338 ἐπ’
336 3277 434 3361 ἰφθίμῳ
441 3277 533 3351 κυνέην
544 3277 665 3338 εύτυκτον
675 3278 774 3353 έθηκεν·

158 3367 304 3451 [ίππονριη
314 3365 397 3426 δεινὸν
407 3365 434 3425 δέ
443 3364 520 3448 λόφος
529 3364 689 3448 καθύπερθεν
699 3366 805 3446 ἔνευεν]

159 3454 245 3517 είλετο
254 3457 277 3513 δ’
287 3455 398 3534 άλκιμον
408 3453 498 3566 ἔγχος,
508 3453 657 3535 ἀκαχμένον
667 3454 719 3524 ὀξεῖ
727 3457 828 3536 χαλκῷ·

160 3547 195 3624 βῆ
204 3545 229 3601 δ’
239 3542 319 3616 ἴέναι,
331 3542 403 3620 μάλα
413 3544 436 3601 δ’
445 3567 503 3602 ωκα
514 3540 578 3601 θέων
587 3541 681 3602 Αἴαντι
690 3539 817 3623 παρέστη.

197 3633 309 3715 Ἕκτωρ
319 3634 342 3690 δ’
351 3635 386 3699 ὡς
395 3622 461 3691 εἴδεν
470 3629 589 3714 Τεύκρου
604 3629 749 3712 βλαφθέντα
761 3630 888 3710 βέλεμνα,

103 3742 145 3782 εει
157 3719 251 3804 Τρωσί
258 3744 288 3778 τε
298 3718 345 3778 καὶ
354 3717 488 3781 Λυκίοισιν
498 3717 630 3791 ἐνέκλετο,
645 3717 745 3801 μακρὸν
755 3714 845 3787 ἀύσας·

197 3812 291 3892 Τρῶες
299 3806 346 3866 καί
355 3805 449 3866 Λύκιοι
458 3806 504 3864 καλ
514 3804 646 3886 Δάρδανοι
656 3806 853 3886 ἀγχιμαχηταί,

159 3896 249 3979 ἀνέρες
257 3895 331 3968 ἔστι,
341 3893 426 3977 φίλοι,
438 3893 572 3972 μνήσασθε
583 3892 611 3952 δὲ
622 3890 736 3974 θούριδος
746 3896 828 3968 ἀλκῆς

156 3990 221 4057 νῆας
231 3982 282 4042 ἀνά
289 3981 433 4065 γλαφυράς·
444 3980 477 4052 δὴ
486 3979 536 4064 γάρ
546 3981 601 4041 ἴδον
610 3982 781 4062 ὀφθαλμοῖσιν

157 4070 249 4155 ἀνδρὸς
258 4073 382 4152 ἀριστῆος
391 4066 481 4128 Διόθεν
492 4066 639 4150 βλαφθέντα
651 4064 773 4147 βέλεμνα.
791 4076 794 4084 ’

105 4180 145 4220 teo
157 4158 233 4221 Ῥεῖα
245 4160 270 4217 δ’
279 4156 422 4239 ἀρίγνωτος
430 4154 492 4222 Διὸς
500 4154 609 4237 ἀνδράσι
618 4153 735 4235 γίγνεται
745 4152 826 4228 ἀλκὴ,

155 4244 224 4324 ἠμέν
233 4243 345 4304 ὁτέοισιν
354 4245 429 4311 κῦδος
438 4240 578 4324 ὑπέρτερον
588 4241 743 4322 ἐγγυαλίξῃ,

155 4336 198 4406 ἠδ’
206 4331 295 4399 ὅτινας
304 4331 399 4411 μινύθη
408 4354 437 4390 τε
446 4329 491 4389 καὶ
502 4331 550 4388 οὐκ
560 4328 678 4409 ἐθέλῃσιν
687 4328 804 4408 ἀμύνειν·

156 4424 191 4488 ultr
199 4427 244 4480 νῦν
254 4417 378 4502 Ἀργείων
388 4417 489 4496 μινύθει
499 4415 587 4496 μένος,
599 4416 669 4496 άμμι
679 4418 700 4475 δ’
712 4416 811 4498 ἀρήγει.

157 4505 238 4569 Titi
246 4505 362 4586 μάχεσθ’
372 4504 417 4565 ἐπί
426 4504 516 4577 νηυσὶν
526 4503 638 4572 ἀολλέες·
649 4503 677 4572 θς
687 4502 715 4565 δέ
725 4528 769 4563 κεν
779 4505 865 4584 ὑμέων

106 4611 147 4654 tta
158 4594 300 4676 βλήμενος,
309 4591 341 4664 rit
352 4592 442 4661 τυπείς
451 4593 560 4653 θάνατον
569 4591 722 4671 καίπότμον
731 4591 844 4673 ἐπίσπῃ,

156 4682 279 4742 τεθνάτω·
289 4680 319 4741 ού
328 4685 352 4742 ol
360 4681 446 4749 ἀεικές
454 4680 608 4763 ἀμυνομένῳ
616 4681 676 4762 περί
685 4680 786 4763 πέτρης

223 4768 232 4791 ’
284 4794 292 4806 ·
302 4770 361 4828 ἀλλ’
372 4766 467 4848 ἄλοχός
476 4792 504 4827 τε
514 4767 563 4843 σόη
573 4770 618 4829 καί
627 4772 718 4837 παῖδες
729 4768 845 4842 ὀπίσσω,

158 4855 203 4915 καί
288 4855 334 4915 καί
342 4857 438 4935 κλῆρος
448 4856 624 4939 ἀκήρατος,εἴ
632 4881 676 4917 κεν
685 4856 785 4937 Ἀχαιοὶ

159 4945 280 5026 οἴχωνται
290 4943 337 5004 σύν
345 4944 422 5017 νηυσί
431 4944 509 5027 φίλην
518 4949 543 5014 ἐς
551 4946 666 5030 πατρίδα
675 4954 762 5026 γαῖαν.

108 5052 150 5090 ιω
197 5030 247 5099 Ὦς
255 5031 337 5091 εἰπὼν
345 5031 445 5115 σ”ντρυνε
454 5031 529 5112 μένος
537 5034 583 5093 καὶ
592 5034 673 5114 θυμθν
683 5033 802 5093 ἑκάστου.

160 5117 255 5187 itaet
264 5110 321 5182 αὖθ’
330 5119 456 5202 ἑτέρωθεν
465 5119 584 5182 ἐκέκλετο
593 5113 630 5191 οἷς
638 5121 774 5204 ἑτάροισιν·

186 5233 299 5270 lomim·

1187 356 1361 417 inlinis
1387 359 1451 419 XV.
1663 374 1716 424 uir

940 480 969 531 et
978 480 1151 544 enlmregebat,
1159 485 1286 547 qnamulto
1296 485 1406 548 plurimas
1420 487 1577 538 turbabantur
1582 490 1720 554 phalanges,

939 568 1037 619 Hectori
1045 574 1070 619 et
1079 571 1185 633 'trojanis
1194 573 1327 633 gratificans
1338 590 1344 621 :
1355 575 1436 624 statim
1446 588 1503 626 vero
1512 576 1558 639 ipsi

940 657 1007 707 veuit
1015 656 1117 719 malum,
1128 658 1192 722 quod
1200 660 1271 710 abeo
1280 674 1351 711 nemo
1359 662 1435 712 arcuit
1444 664 1592 726 cupientium
1600 664 1664 717 licet.

940 744 1034 794 eerrid
1042 744 1106 795 enim
1115 747 1167 807 eius
1176 752 1264 809 clergo
1272 748 1381 799 luctuosa
1389 750 1472 799 incidit
1480 750 1583 814 sagitta:

940 829 1028 882 decidit
1036 836 1116 883 autem
1125 833 1155 884 de
1164 835 1288 895 curribus,
1298 840 1531 901 retrocessernntque
1539 839 1591 901 ejus
1599 840 1668 903 equi,

941 932 1028 969 vacuos
1033 932 1117 970 currus
1122 921 1439 974 succutientescumsonitu.
1446 928 1497 975 lter
1503 939 1560 976 vero
1566 926 1626 976 vidit
1631 930 1720 990 statim,

941 1006 1094 1069 Polydamas,
1105 1012 1130 1058 et
1138 1009 1230 1072 primus
1239 1009 1337 1059 obviam
1347 1012 1412 1061 venit
1422 1013 1498 1075 equis.

939 1098 990 1145 lios
998 1096 1094 1159 quidem
1104 1097 1142 1146 ille
1152 1102 1269 1159 Astyuoo,
1279 1099 1410 1148 Protiaonis
1418 1100 1480 1161 filio,
1490 1100 1556 1151 dedit
1567 1118 1573 1150 ε

940 1185 1068 1247 multisque
1077 1198 1134 1234 cum
1143 1185 1281 1235 hortabatur
1289 1201 1362 1249 prope
1371 1200 1397 1237 se
1405 1191 1487 1238 tenere
1497 1188 1665 1254 inconspectu

939 1285 1026 1334 equos:
1036 1273 1086 1335 ipse
1095 1279 1175 1323 autem
1184 1288 1295 1325 reversus
1304 1275 1566 1338 primispnguatoribus
1573 1281 1718 1330 mixtusest.

939 1359 1030 1409 Teucer
1036 1366 1116 1409 autem
1121 1362 1191 1410 aliam
1196 1362 1306 1423 sagittam
1314 1362 1338 1410 in
1346 1366 1470 1412 Hectorem
1478 1370 1653 1416 aerearmatnm

938 1446 1083 1511 depromsit,
1091 1453 1116 1498 et
1122 1449 1257 1511 abrupisset
1264 1463 1368 1512 pugnam
1378 1451 1408 1499 ad
1417 1465 1491 1501 nares
1498 1453 1653 1516 Achivorum,

939 1535 959 1585 si
967 1536 988 1585 ci
995 1536 1253 1598 pugnantifortissime,
1261 1540 1358 1599 sagitto
1367 1537 1452 1600 injecta
1461 1539 1588 1602 eripuisset
1597 1541 1709 1593 annuam

938 1615 986 1673 Sed
995 1637 1042 1672 nun
1050 1624 1120 1673 latuit
1128 1625 1196 1674 loris
1205 1624 1347 1686 prudentem
1357 1630 1475 1686 mentem,
1484 1626 1526 1690 qui
1535 1629 1684 1680 custodiebat

938 1715 1079 1774 Hectorem,
1090 1717 1114 1762 at
1123 1716 1241 1762 Teucrum
1250 1714 1415 1763 Telamonium
1422 1715 1618 1780 gloriaprirarit5

937 1802 979 1864 qui
988 1801 1010 1849 ei
1020 1800 1179 1850 scitetortnm
1188 1814 1289 1850 nervum
1298 1801 1322 1850 in
1332 1802 1420 1853 eximio
1427 1816 1484 1852 arcu

937 1888 1002 1951 mpit
1011 1888 1035 1937 in
1044 1888 1111 1937 illum
1121 1889 1262 1949 retralrenti,
1272 1888 1459 1953 detorquebatur
1467 1896 1548 1942 autem
1555 1893 1577 1942 ei
1586 1893 1633 1943 alio

937 1976 1022 2037 sagitta
1031 1976 1180 2037 arro-gravis,
1190 1990 1306 2040 arcusque
1315 1978 1337 2027 ei
1346 1978 1435 2028 excidit
1444 1991 1524 2029 manu.

936 2067 1027 2113 Teucer
1036 2077 1093 2113 vero
1101 2064 1235 2126 cohorruit,
1245 2064 1391 2129 fratremque
1400 2067 1568 2117 allocutnsest
1578 2083 1585 2117 ε

967 2151 1048 2212 Eheu,
1057 2156 1121 2201 certe
1127 2152 1177 2214 iem
1186 2154 1282 2215 penitus
1290 2166 1376 2216 pugnae
1385 2155 1484 2204 consilia
1493 2156 1604 2219 praecidit

936 2239 996 2289 deus
1005 2245 1107 2303 nostro,
1116 2240 1158 2304 qni
1167 2238 1226 2289 mini
1234 2254 1317 2290 arcum
1326 2242 1432 2291 excussit
1441 2256 1514 2292 maun
1524 2259 1531 2291 ε

935 2340 1036 2377 nervum
1045 2332 1126 2377 autem
1135 2327 1237 2392 disrupit
1246 2333 1443 2389 reeens-tortum,
1452 2341 1524 2393 quom
1533 2334 1556 2379 et
1566 2331 1710 2393 illigaveram

935 2416 1097 2479 bodie-mane,
1107 2421 1134 2465 nt
1143 2417 1272 2466 sustineret
1280 2417 1363 2467 crebro
1373 2418 1510 2468 exsilientes
1518 2419 1624 2480 sagittas.

965 2504 1027 2553 Huic
1035 2508 1115 2553 autern
1124 2503 1246 2567 respondit
1254 2503 1341 2554 deinde
1350 2517 1451 2566 magnus
1460 2505 1613 2555 Telamonius
1623 2506 1682 2568 Aiax
1693 2522 1700 2555 z

934 2605 949 2640 o
958 2592 1047 2653 amice,
1057 2592 1114 2655 quin
1124 2595 1151 2642 tu
1160 2605 1243 2642 arcum
1251 2591 1348 2655 quidem
1358 2592 1409 2642 sine
1418 2597 1443 2643 et
1451 2593 1547 2642 crebras
1556 2594 1654 2657 sagittas

931 2679 1022 2741 jacere3
1032 2679 1144 2743 quonian
1152 2688 1211 2729 cum
1221 2680 1336 2742 confregit
1345 2680 1418 2740 deus,
1429 2681 1516 2730 Danais
1526 2681 1652 2744 inridens;

933 2766 977 2815 sed
985 2765 1096 2816 manilius
1104 2778 1201 2818 suanus
1210 2767 1303 2829 longam
1312 2765 1421 2829 hastam,
1431 2772 1455 2818 et
1465 2772 1560 2818 scutum
1570 2769 1684 2830 lrnmero,

932 2866 1058 2917 pugnaque
1069 2857 1183 2917 lpsecum
1192 2852 1314 2917 Troianis,
1324 2859 1348 2904 et
1359 2859 1452 2905 ceteras
1460 2856 1539 2905 excita
1549 2856 1645 2920 copias:

932 2955 963 2992 ne
972 2941 1114 2993 sine-labore
1123 2942 1220 3004 saitem,
1230 2943 1335 2994 victores
1345 2942 1414 3005 lieet,
1424 2942 1520 3007 capiant

932 3042 1006 3079 nares
1015 3029 1356 3093 bouis-transtrisinstrnetas5
1366 3032 1409 3081 sed
1418 3033 1598 3083 meminerimus
1606 3045 1701 3097 pugnas

962 3117 1002 3167 Sic
1010 3117 1071 3167 dixit
1081 3133 1087 3166 :
1098 3117 1137 3167 ille
1146 3129 1204 3168 vero
1213 3131 1295 3167 arcum
1304 3119 1401 3182 quidem
1411 3120 1435 3169 in
1445 3121 1554 3171 tentoriis
1563 3121 1669 3186 reposuit
1681 3137 1687 3169 :

931 3217 960 3254 ac
968 3205 1058 3256 circum
1068 3205 1180 3256 iinmeros
1189 3209 1285 3256 scutum
1295 3206 1414 3269 sibicepit
1422 3209 1690 3270 quatuor-laminarum,

931 3293 1051 3355 capitique
1060 3292 1114 3342 forti
1123 3294 1213 3354 galeam
1221 3294 1376 3344 scitefactam
1386 3295 1513 3360 imposuit;

931 3379 1111 3443 [equinis-setis,
1122 3381 1304 3445 terribiliterque
1314 3383 1388 3433 crista
1397 3382 1501 3446 desuper
1509 3383 1610 3434 nutabat
1618 3384 1636 3449 ς]

931 3470 1018 3518 sumsit
1026 3472 1105 3518 autem
1114 3471 1139 3519 et
1147 3469 1251 3519 validum
1260 3469 1367 3530 laustam,
1376 3469 1501 3534 praefixam
1510 3475 1581 3520 acuto
1590 3485 1638 3522 aere
1649 3488 1655 3521 :

930 3557 1144 3621 profectusquemt
1151 3557 1194 3620 ire,
1200 3561 1224 3607 et
1230 3558 1381 3620 perceleriter
1388 3571 1487 3608 sumens
1495 3559 1557 3621 Aiaci
1565 3559 1649 3609 astitit.

961 3649 1051 3696 Hector
1059 3648 1153 3705 autem,
1164 3647 1191 3692 nt
1199 3643 1260 3692 vidit
1269 3642 1354 3692 Teucri
1363 3644 1541 3694 inutiles-factas
1551 3647 1663 3708 sagittam

930 3732 1092 3795 Troianosque
1100 3736 1124 3782 et
1134 3731 1220 3793 Lycios
1229 3731 1431 3792 exhortatnsest,
1440 3731 1515 3780 altum
1524 3732 1630 3782 clamans
1640 3748 1647 3781 τ

961 3820 1055 3881 Troiani
1064 3822 1089 3869 et
1097 3819 1163 3881 Lycii
1172 3822 1197 3867 et
1206 3818 1309 3868 Dardani
1320 3818 1586 3880 eonium-pugnantes,

929 3908 976 3958 riri
984 3912 1074 3968 estote,
1084 3906 1167 3969 arnici,
1178 3905 1380 3970 memineritisque
1389 3909 1493 3957 sueque
1503 3904 1663 3968 fortitudinis,

928 4009 1004 4047 nares
1012 3996 1042 4046 ad
1051 4009 1123 4045 caras
1133 4010 1139 4044 ε
1148 3996 1198 4056 jam
1207 3995 1272 4044 enim
1281 3993 1331 4044 ridi
1340 3994 1417 4044 oeulis

929 4085 974 4134 riri
983 4084 1087 4148 primarii
1096 4087 1181 4134 adore
1189 4082 1369 4132 inutiles-factas
1378 4082 1485 4144 sagittas.

928 4172 1064 4224 Admodum
1073 4185 1131 4222 vero
1140 4170 1308 4233 faedisagrritu
1317 4170 1385 4221 Joris
1393 4170 1531 4220 hominihus
1540 4173 1577 4220 est
1587 4170 1707 4235 potentia,

927 4263 981 4309 tum
989 4259 1078 4323 qrribus
1086 4258 1184 4321 glorium
1193 4258 1340 4322 superiorem
1349 4257 1456 4319 dederit,

927 4351 980 4397 tum
989 4360 1050 4411 qnos
1058 4346 1222 4409 deprimatque
1231 4349 1256 4396 et
1264 4344 1324 4395 nolit
1333 4345 1461 4396 defendere
1472 4359 1478 4393 ε

927 4435 990 4485 sicut
998 4447 1062 4483 nune
1070 4434 1212 4496 Argivomm
1220 4433 1307 4483 minuit
1316 4433 1396 4493 robur,
1404 4432 1523 4496 nobisque
1531 4432 1667 4482 auxiliatur.

927 4523 976 4573 sed
984 4525 1087 4585 pugnate
1095 4520 1127 4571 ad
1135 4534 1209 4571 naves
1217 4521 1329 4572 conferti!
1340 4521 1387 4579 Qui
1395 4525 1477 4572 autem
1485 4525 1595 4571 vestrm

926 4608 1171 4661 vulneratus-eminus
1180 4608 1219 4658 vel
1228 4609 1346 4658 cominus
1355 4613 1457 4658 mortem
1466 4611 1490 4657 et
1500 4607 1575 4657 iatum
1583 4607 1674 4670 inierit,

926 4698 1042 4748 moriatur
1051 4713 1057 4746 :
1067 4710 1114 4746 non
1124 4697 1146 4745 ei
1155 4696 1294 4745 indecorum
1303 4698 1355 4745 erit
1362 4695 1476 4759 pugnanti
1485 4709 1528 4758 pro
1537 4695 1614 4758 patria

926 4785 987 4835 mori
993 4801 1001 4846 ;
1010 4788 1035 4834 at
1044 4797 1151 4847 uxorque
1160 4784 1227 4833 salva
1235 4786 1300 4840 erfl,
1311 4787 1335 4833 et
1344 4783 1385 4832 filii
1395 4782 1565 4846 inposterum,

926 4878 951 4924 et
959 4873 1060 4933 domus,
1069 4876 1094 4922 et
1103 4871 1272 4935 patrimonium
1280 4871 1411 4931 integrum
1422 4867 1540 4931 siquidem
1550 4866 1635 4917 Aclriri

925 4960 1027 5011 abierint
1035 4973 1091 5009 cum
1100 4958 1202 5009 naribus
1211 4958 1323 5009 dilectam
1332 4958 1357 5005 iu
1365 4956 1467 5020 patriam
1474 4959 1572 5005 terram.

958 5048 1083 5109 sistatur,
1093 5047 1207 5097 excitarit
1215 5046 1288 5096 robur
1296 5049 1321 5096 et
1329 5045 1435 5096 mimum
1445 5042 1641 5107 uniuscuiusque.

898 5179 901 5190 .
926 5134 1169 5201 tiuraovicissim
1177 5134 1366 5197 exaltare-parte
1374 5131 1703 5192 tuomsestsuossocios:

1574 5223 1598 5262 l!
