3850 5900
287 394 346 447 2³6
554 385 732 444 ΙΑΙΑΔΟΣ
757 387 789 445 Υ.

339 514 403 574 είσλν
412 513 463 596 γάρ
473 516 497 573 σί
506 515 604 581 παῖδες·
615 516 660 588 ὁδ’
672 514 782 592 ἔμπεδος
790 516 843 575 οὔδ’
855 516 993 599 ἀεσίφρων.

338 594 375 664 Ἠ
386 603 416 661 νύ
425 601 451 660 τί
459 625 499 660 τοι
507 605 597 683 Τρῶες
604 600 708 679 τέμενος
717 602 809 680 τάμον,
823 602 911 682 έξσχον
921 605 1017 677 ἀλλων,

287 711 325 750 tun
337 690 417 750 καλὸν
427 691 551 772 φυταλιῆς
560 688 605 748 καὶ
616 687 740 770 ἀρούρης,
751 690 818 771 ὄφρα
828 689 936 768 νέμηαι,

338 780 367 839 αί
375 803 418 838 κεν
429 776 475 857 ἐμὲ
484 777 598 856 κτείνῃς;
609 781 733 856 χαλεπῶς
742 777 770 836 δέ
780 780 804 836 τ’
816 777 897 837 ἔολπα
907 778 937 837 τὸ
951 778 1039 861 βέξειν.

335 862 406 938 Ἠδη
417 863 464 943 μέν
474 864 545 943 σέγε,
555 865 635 945 φημἰ,
645 864 690 923 καί
700 864 792 923 ἄλλοτε
802 864 873 947 δουρί
883 865 996 946 φόύησα.

332 942 371 1012 ’Ἠ
380 955 410 1012 ού
420 951 520 1031 μέμνῃ,
530 950 572 1009 ὅτε
582 951 630 1033 πέρ
641 975 685 1025 σε,
698 955 765 1031 βοῶν
776 952 841 1024 ἀπο,
852 958 945 1030 μοῦνον
957 952 1032 1013 ἐόντα
1038 998 1046 1025 ,

336 1047 398 1099 σεῦα
409 1040 467 1099 κατ’
477 1038 578 1100 Ἰδαίων
589 1038 667 1120 ἀρέων
676 1039 800 1118 ταχέεσσι
809 1040 932 1098 πόδεσσιν

284 1147 322 1187 ten
333 1126 520 1209 καρπαλίμως,
530 1124 589 1184 τότε
599 1126 620 1184 δ’
631 1126 686 1184 ούτι
697 1127 918 1207 μετατροπαλίζεο
928 1124 1039 1209 φεύγων·

335 1216 404 1275 ένθεν
414 1215 436 1273 δ’
447 1218 471 1281 ές
481 1213 616 1297 Λυρνησδν
626 1212 779 1297 ὑπέκφυγες·
792 1214 876 1296 αθτδιρ
885 1215 937 1294 ἐγὼ
946 1215 995 1287 τήν

334 1303 431 1386 πέρσα,
442 1300 611 1385 μεθορμηθεὶς
620 1300 667 1360 σὐν
677 1303 770 1382 Ἀθήνη
781 1302 826 1361 καί
836 1304 880 1363 Διί
888 1303 979 1385 πατρί·

333 1392 443 1464 ληϊάδας
453 1391 480 1449 δὲ
489 1399 626 1470 γυναῖκας,
637 1387 768 1471 ἐλεύθερον
777 1382 849 1472 ήμαρ
860 1389 989 1473 ἀπούρας,

333 1471 406 1558 ήγον·
416 1477 483 1560 ἀτδιρ
494 1479 522 1537 σέ
533 1476 597 1544 Ζεθς
606 1475 733 1558 έρβύσατο
742 1476 787 1535 καί
798 1477 851 1536 θεολ
861 1477 943 1537 ἄλλοι.

283 1589 320 1627 ma
333 1568 403 1627 Ἀλλ’
413 1570 442 1626 σι’)
452 1573 495 1624 νῦν
506 1589 533 1624 σε
546 1563 651 1647 βύεσθαι
661 1561 762 1642 ὀίομαι,
772 1568 807 1632 ὡς
817 1566 854 1625 ἐνί
865 1570 938 1647 θυμῷ

335 1655 451 1734 βάλλεαι·
462 1652 531 1712 ἀλλά
541 1655 565 1710 σ’
575 1652 651 1731 ἔγωγ’
663 1652 870 1734 ἀναχωρήσαντα
880 1649 979 1711 κελεύω

333 1745 358 1810 ἐς
366 1739 466 1814 πληθὺν
476 1739 540 1798 ἰέναι
546 1786 554 1812 ,
565 1742 626 1818 μηδ’
637 1740 721 1807 ἀντίος
729 1738 815 1799 ἵστατ’
827 1744 913 1818 ἐμεῖο,

332 1828 394 1912 πρίν
403 1853 428 1887 τι
438 1827 519 1886 κακὸν
528 1828 641 1886 παθέειν·
654 1825 742 1909 ῥεχθὲν
753 1825 781 1885 δέ
789 1852 816 1886 τε
827 1827 916 1900 νήπιος
926 1827 1003 1907 ἔγνω.

372 1916 426 1978 Τὸν
436 1917 457 1974 δ’
468 1906 524 1973 αὖτ’
536 1914 640 1981 Αἰνείας
649 1914 811 1992 ἀπαμείβετο
821 1914 938 1997 φώνησέν
946 1938 984 1973 τε·

279 2026 319 2066 noo
333 2003 466 2077 Πηλείδη,
476 2001 513 2080 μή
523 2002 555 2074 δή
565 2005 592 2081 μ’
601 2001 706 2061 έπέεσσί
713 2027 743 2080 γε
753 2001 875 2074 νηπύτιον
884 2002 919 2069 ὣς

333 2092 410 2153 ἔλπεο
420 2090 579 2159 δειδίξεσθαι·
589 2090 647 2148 ἐπεὶ
656 2089 727 2171 σάφα
738 2081 795 2148 οἶδα
805 2090 850 2148 καί
860 2089 937 2157 αὐτὸς

331 2177 398 2256 ήμέν
407 2177 545 2259 κερτομίας
553 2178 594 2248 ἠδ’
605 2176 700 2235 αἴσυλα
711 2176 884 2253 μυθήσασθαι.

330 2264 419 2344 Ἴδμεν
427 2265 450 2324 τ’
461 2263 581 2334 ἀλλήλων
590 2261 690 2341 γενεὴν,
699 2264 772 2341 ἴδμεν
783 2262 809 2322 δὲ
819 2268 928 2335 τοκῆας,

330 2352 454 2435 πρόκλυτ’
465 2348 600 2417 ἀκούοντες
610 2350 674 2408 ἔπεα
685 2354 783 2421 θνητῶν
793 2348 944 2431 ἀνθρώπων·

278 2461 317 2501 noa
330 2441 387 2522 ὄψει
397 2441 418 2499 δ
428 2438 482 2499 οὔτ’
491 2438 524 2520 ἀρ
533 2461 575 2496 πω
584 2435 616 2496 σθ
626 2435 704 2514 έμοθς
712 2436 763 2503 ίδες
772 2435 825 2495 οὔτ’
835 2437 876 2518 ἀρ’
887 2435 938 2530 ἐγὼ
948 2434 1016 2504 σούς.

331 2528 406 2590 <lieet
416 2525 445 2586 σὲ
456 2525 503 2605 μὶν
513 2527 620 2597 Πηλῆος
630 2521 760 2602 ἀμύμονος
770 2523 873 2602 ἔκγονον
884 2531 963 2597 εἰναι,

331 2613 428 2697 μητρθς
437 2616 459 2673 δ’
470 2618 499 2673 έκ
508 2612 628 2685 Θέτιδος,
638 2611 853 2690 καλλιπλοκάμου
864 2610 1015 2686 ἁλοσύδνης·

331 2702 413 2787 αθτθιρ
423 2702 487 2782 ἐγὼν
498 2701 551 2768 υίὸς
561 2700 737 2783 μεγαλήτορος
748 2700 871 2779 Ἀγχίσαο

331 2790 441 2870 εὔχομαι
452 2789 604 2868 ἐκγεγάμεν,
615 2787 702 2869 μήτηρ
712 2785 740 2845 δέ
751 2786 796 2864 μοί
805 2790 859 2845 ἐστ’
870 2786 1016 2868 Ἀφροδίτη·

277 2899 317 2939 tto
329 2883 381 2937 τῶν
391 2877 423 2950 δὴ
433 2884 477 2935 νῦν
487 2876 570 2959 ἕτεροί
579 2898 609 2955 γε
619 2874 692 2957 φίλον
701 2876 784 2932 παῖδα
794 2873 952 2933 κλαύσονται

331 2967 451 3047 σήμερον·
463 2968 491 3024 ού
501 2964 552 3045 γάρ
562 2965 626 3045 φημ’
638 2961 742 3021 ἐπέεσσί
750 2986 780 3042 γε
790 2962 950 3034 νηπυτίοισιν

330 3046 380 3114 ῶδε
391 3050 561 3133 διακρινθέντε
571 3049 659 3128 μάχης
669 3048 695 3116 ἐξ
705 3047 867 3108 ἀπονέεσθαι.

330 3144 365 3201 Εἰ
375 3143 396 3199 δ’
408 3139 500 3204 ἐθέλεις
509 3137 554 3195 καὶ
563 3143 646 3195 ταῦτα
657 3135 795 3213 δαήμεναι·
805 3136 862 3218 ὄφρ’
873 3127 902 3195 εύ
911 3138 981 3214 είδῆς

330 3226 459 3308 ἡμετέρην
471 3223 570 3304 γενεήν,
580 3222 671 3281 πολλοὶ
682 3221 710 3281 δέ
720 3246 764 3299 μιν
774 3223 862 3303 ἀνδρες
871 3223 966 3280 ἴσασιν·

278 3337 316 3375 uta
330 3315 462 3398 Δάρδανον
473 3303 507 3370 ai
515 3315 616 3393 πρῶτον
626 3308 713 3368 τέκετο
722 3308 908 3391 νεφεληγερέτα
918 3307 995 3382 Ζεθς,

329 3402 456 3462 >triennii
467 3397 622 3481 Δαρδανίην·
633 3397 689 3456 ἐπεί
701 3395 773 3456 ούπω
782 3396 861 3464 Ἴλιος
869 3394 913 3479 ίρή

330 3494 357 3550 έν
365 3488 447 3569 πεδίῳ
455 3485 609 3557 πεπολιστο,
619 3483 693 3550 πόλις
703 3483 824 3566 μερόπων
835 3481 986 3566 ἀνθρώπων,

330 3579 387 3636 ἀλλ’
398 3575 432 3635 ἔθ’
443 3573 571 3686 θπογρείας
580 3571 660 3653 ᾤκεον
671 3571 846 3637 πολυπίδακος
854 3568 934 3641 Ἴδης.

330 3664 462 3746 Δάρδανος
471 3686 504 3720 αυ
513 3659 594 3719 τέκεθ’
604 3659 659 3718 υἱὸν
669 3658 830 3741 Ἐριχθόνιον
842 3661 973 3737 βασιλῆα,

277 3774 317 3815 τεο
330 3752 356 3820 te
366 3751 397 3823 δὴ
408 3749 572 3832 ἀφνειότατος
583 3746 670 3827 γένετο
680 3751 778 3819 θνητῶν
789 3744 939 3827 ἀνθρώπων·

329 3846 375 3900 τοῦ
384 3837 521 3920 τριςχίλιαι
529 3834 606 3893 ἵπποι
615 3833 672 3900 έλος
681 3833 750 3891 κάτα
761 3831 927 3912 βουκολέοντο

330 3927 445 3998 θήλειαι,
455 3922 580 3982 πώλοισιν
590 3918 768 4001 ἀγαλλόμεναι
778 3922 914 4000 ἀταλῇσιν.
926 3956 966 3967 -

330 4014 409 4076 Τάων
419 4012 464 4072 καί
473 4009 570 4093 Βορέης
578 4010 713 4091 ἠράσσατο
724 4007 916 4088 βοσκομενάων,

328 4100 403 4181 ἵππῳ
412 4099 433 4157 δ’
444 4098 578 4175 εἰσάμενος
587 4094 745 4178 παρελέξατο
755 4094 925 4174 κυανοχαίτῃ·

278 4210 317 4249 τεο
330 4192 357 4247 αἱ
367 4189 389 4246 δ’
400 4183 611 4260 θποκυσσάμεναι
621 4184 707 4242 ἔτεκον
718 4183 873 4242 δυοκαίδεκα
882 4181 992 4250 πώλους.

329 4278 364 4335 ht
374 4273 394 4331 δ’
406 4270 447 4331 ὅτε
459 4268 505 4347 μέν
515 4274 639 4351 σκιρτῷεν
649 4269 691 4327 ἐπί
701 4268 820 4352 ζείδωρον
831 4269 952 4351 ἄρουραν,

331 4360 409 4442 ἀκρον
419 4358 458 4418 ἐπ’
470 4355 609 4438 ἀνθερίκων
618 4355 717 4437 καρπὸν
728 4355 783 4415 θέον
793 4359 850 4415 οὐδὲ
861 4355 1003 4416 κατέκλων·

330 4447 387 4507 ἀλλ’
397 4445 438 4505 ὅτε
449 4444 480 4515 δὴ
490 4448 614 4525 σκιρτῷεν
624 4444 664 4501 ἀπ’
674 4442 749 4524 εὐρέα
759 4448 828 4501 νῶτα
838 4442 984 4518 θαλάσσης,

330 4534 408 4618 ἀκρον
418 4531 461 4592 ἐπί
471 4536 592 4614 ῥηγμῖνος
602 4532 661 4598 tto<
669 4534 770 4590 πολιοῖο
779 4529 890 4588 θέεσκον.
900 4566 940 4576 -

277 4645 317 4685 aaa
329 4626 411 4705 Τρῶα
421 4622 443 4680 δ’
453 4621 486 4681 Ἐ
504 4617 611 4699 ιχθόνιος
621 4618 709 4679 τέκετο
717 4617 852 4701 Τρώεσσιν
862 4617 973 4677 ἀνοικτα·

329 4709 451 4792 Τρωδςδ
461 4732 495 4767 αυ
503 4716 571 4789 τρεῖς
578 4709 669 4774 παῖδες
678 4704 808 4784 ἀμύμονες
816 4703 972 4784 ἐξεγένοντο,

330 4797 396 4863 ’tide
404 4797 426 4856 τ’
436 4791 596 4876 Ἀσσάρακός
603 4818 632 4851 τε
641 4792 686 4851 καί
695 4791 807 4858 ἀντίθεος
816 4791 985 4869 Γανυμήδης,

330 4886 357 4953 δς
366 4886 398 4958 δὴ
408 4886 545 4952 κάλλιστος
553 4882 639 4963 γένετο
649 4886 747 4953 θνητῶν
756 4879 906 4963 ἀνθρώπων·

330 4973 375 5033 τδν
384 4972 429 5032 καλ
440 4971 612 5053 ἀνηρείψαντο
620 4969 672 5027 θεοί
682 4967 724 5029 Διί
733 4965 895 5046 οἰνοχοεύειν,

278 5079 318 5120 τοι
331 5058 438 5126 κάλλεος
447 5057 532 5117 εἵνεκα
543 5047 594 5127 οἷο,
604 5053 636 5112 ἵν’
647 5054 797 5113 ἀθανάτοισι
807 5052 905 5130 μετείη.

331 5137 402 5214 'llos‘
409 5145 431 5205 δ’
440 5137 474 5204 αθ
483 5142 563 5202 τέκεθ’
572 5140 627 5201 υίδν
636 5139 758 5220 ἀμύμονα
770 5139 944 5218 Λαομέδοντα·

1345 390 1517 450 tutnnts
1542 385 1611 452 XX.

1104 521 1161 568 sunt
1169 518 1260 568 enimet
1269 518 1323 568 titii:
1334 519 1385 583 ipse
1394 524 1475 569 autem
1483 519 1579 582 firmus,
1589 534 1633 571 nec
1642 521 1874 585 imprudens-mena.

1102 611 1140 655 An
1147 619 1204 655 vero
1213 606 1256 655 tihi
1260 604 1354 668 Trojarii
1361 607 1550 670 agri-portionem
1555 607 1876 674 omnemnqegregianpm

1078 698 1082 751 t
1103 692 1178 756 aliis‚]
1186 706 1305 743 anioenam
1316 693 1483 753 vitiferosolo,
1493 699 1518 743 et
1526 695 1623 756 arabili,
1633 701 1660 745 ut
1668 697 1746 758 colas,

1102 780 1122 828 si
1132 793 1171 829 mc
1180 779 1341 830 interfeceris?
1350 780 1477 830 difficulter
1486 788 1567 831 autem
1576 787 1600 832 te
1609 798 1681 845 spero
1690 784 1736 833 hoc
1745 786 1868 836 iacturum

1101 869 1156 915 tam
1165 868 1229 917 enim
1239 873 1276 928 te,
1286 869 1371 929 credo,
1381 874 1406 918 et
1415 869 1474 917 alias
1482 870 1551 918 hasta
1560 870 1648 932 tuguri.

1101 958 1137 1003 An
1146 968 1194 1003 nou
1204 954 1349 1015 recordaris,
1358 955 1455 1018 mando
1465 960 1488 1005 te
1497 970 1511 1005 a
1520 957 1609 1017 hobus,
1620 959 1686 1008 solus
1694 973 1861 1022 quumesses,

1101 1042 1189 1103 agitati
1197 1041 1228 1091 de
1237 1042 1308 1092 ldaeis
1318 1043 1439 1092 montibus
1449 1045 1570 1094 velocibus
1579 1045 1680 1107 pedihus

1100 1128 1223 1177 celeriter?
1233 1134 1290 1179 tune
1300 1143 1357 1178 vero
1365 1142 1484 1193 nusquam
1492 1133 1668 1181 convertebam
1677 1133 1771 1195 fugiens
1783 1150 1790 1182 :

1101 1216 1156 1265 inde
1165 1222 1245 1266 autem
1254 1218 1279 1265 in
1287 1221 1432 1278 Lyrnessum
1441 1219 1539 1268 evasisti
1549 1234 1556 1267 ε
1567 1233 1651 1269 serum
1659 1234 1703 1282 ego
1712 1222 1775 1270 hanc

1100 1304 1187 1362 everti,
1196 1317 1320 1366 aggressus
1329 1318 1386 1354 cum
1396 1307 1565 1368 (auxiliante)
1576 1308 1682 1357 Minerua
1696 1314 1721 1358 et
1730 1313 1794 1359 Jove
1802 1314 1880 1373 petre:

1100 1391 1209 1453 captivas
1218 1397 1298 1442 numni
1308 1393 1434 1455 mulieres,
1444 1395 1519 1443 libem
1528 1393 1567 1444 die
1577 1401 1673 1458 erepto,

1099 1478 1188 1527 ahdnid
1199 1495 1205 1527 ε
1215 1484 1240 1529 at
1249 1485 1273 1529 te
1282 1481 1376 1543 Jupiter
1384 1482 1488 1531 servavit
1496 1518 1503 1542 ,
1512 1486 1536 1531 ut
1545 1482 1578 1531 dii
1587 1484 1668 1532 ceteri.

1100 1566 1146 1615 sed
1156 1581 1201 1615 non
1211 1581 1275 1617 nune
1285 1572 1308 1617 to
1317 1571 1454 1618 servatums
1462 1574 1534 1631 puto,
1544 1574 1571 1619 ut
1581 1570 1604 1617 in
1614 1571 1720 1620 amnium

1099 1653 1192 1703 inducis
1203 1669 1302 1704 :vemm
1313 1660 1336 1704 te
1344 1669 1387 1718 ego
1396 1670 1529 1718 regressum
1538 1657 1620 1707 hortor

1100 1741 1123 1789 in
1132 1742 1309 1792 multitudinem
1319 1744 1367 1804 ire,
1376 1756 1423 1792 neu
1432 1743 1548 1793 adversus
1557 1749 1607 1793 stes
1616 1745 1689 1804 indu,

1099 1834 1226 1892 antequam
1235 1830 1292 1893 quid
1302 1830 1357 1878 niati
1367 1830 1462 1893 patiaris
1472 1847 1478 1879 ;
1488 1832 1577 1881 laetum
1587 1845 1644 1880 vero
1652 1837 1677 1881 et
1688 1832 1780 1882 stultus
1788 1834 1870 1883 suasit

1130 1917 1192 1966 Huic
1200 1930 1257 1967 vero
1266 1921 1352 1967 AEneas
1361 1918 1496 1979 rospondit,
1506 1919 1615 1981 dixitque
1625 1933 1632 1967 :

1099 2004 1191 2064 Pelide‚
1201 2019 1230 2054 ne
1237 2005 1286 2066 iam
1296 2018 1335 2055 me
1344 2006 1436 2065 veihis,
1446 2005 1572 2069 puerulum
1583 2011 1710 2068 ωυσοεω,

1099 2104 1181 2153 speres
1194 2095 1217 2140 te
1226 2092 1364 2140 territumm
1375 2108 1382 2140 :
1392 2093 1480 2157 quippe
1489 2097 1570 2155 aperte
1579 2094 1629 2143 scio
1638 2097 1664 2143 et
1673 2093 1725 2156 ipse

1099 2184 1123 2228 ct
1131 2178 1251 2239 conuicia,
1260 2184 1285 2228 et
1293 2180 1419 2241 opprobria
1428 2180 1546 2242 proloqui.

1098 2266 1193 2316 scium
1201 2270 1281 2316 autem
1290 2267 1454 2316 alteralterius
1463 2280 1552 2329 geom,
1562 2268 1651 2317 sumus
1659 2272 1684 2318 et
1692 2273 1822 2331 parentes,

1096 2353 1287 2414 jam-olimdicta
1296 2354 1420 2404 audientes
1429 2354 1502 2404 verba
1510 2354 1645 2403 mortalium
1655 2354 1796 2404 hominum:

1099 2441 1153 2489 visu
1163 2454 1220 2490 vero
1228 2447 1292 2491 certe
1301 2455 1345 2490 nec
1354 2447 1381 2491 tu
1390 2456 1456 2492 moos
1465 2444 1540 2499 nosti,
1549 2456 1628 2504 neque
1636 2456 1679 2504 ego
1687 2446 1753 2491 tuos.

1099 2529 1172 2579 atum
1182 2530 1311 2592 tequidem
1320 2531 1385 2580 Pelei
1394 2530 1575 2593 eximiipuolem
1583 2543 1637 2579 esse

1099 2621 1174 2666 matre
1183 2631 1241 2666 sero
1249 2631 1279 2666 ex
1289 2618 1402 2678 Thetide,
1411 2618 1586 2680 comis-pulcris
1594 2618 1802 2681 marina-nymphe
1814 2634 1821 2667 :

1098 2709 1124 2754 at
1132 2718 1176 2766 ego
1184 2719 1224 2754 me
1233 2705 1308 2754 hlium
1317 2706 1466 2767 magnanhno
1476 2706 1580 2754 Anchisa

1097 2793 1210 2855 profiteor
1218 2799 1359 2856 prognatum
1368 2807 1435 2853 esse,
1444 2797 1521 2842 mater
1530 2796 1610 2842 autem
1620 2792 1677 2841 mihi
1687 2796 1726 2841 est
1733 2795 1838 2842 Venus:

1099 2880 1184 2929 honam
1191 2879 1240 2940 iam
1249 2893 1312 2928 nunc
1321 2880 1430 2929 altemtri
1438 2884 1502 2929 certe
1510 2893 1593 2928 carum
1603 2879 1678 2928 tilium
1687 2880 1822 2942 plorabunt

1098 2968 1168 3018 hodie
1178 2985 1184 3017 :
1194 2982 1241 3018 uon
1250 2969 1313 3017 enim
1323 2974 1382 3030 puto
1391 2969 1470 3017 veihis
1479 2969 1577 3017 omnino
1586 2967 1717 3030 puerilibus

1098 3057 1132 3105 sic
1141 3057 1268 3116 diremtos,
1278 3070 1291 3104 e
1301 3069 1380 3119 pugna
1389 3069 1434 3111 ιιοε
1444 3055 1636 3105 redituros-esse.

1098 3144 1190 3202 Quodsi
1199 3144 1238 3193 iis
1246 3149 1270 3193 et
1280 3145 1333 3192 haec
1342 3143 1435 3202 doceri;
1445 3148 1471 3192 ut
1481 3143 1541 3191 hene
1550 3142 1615 3191 scias

1097 3236 1205 3280 noshum
1214 3243 1289 3293 genus
1300 3231 1379 3294 (multi
1390 3235 1470 3279 autem
1480 3230 1559 3292 ipsum
1568 3229 1676 3277 homines
1684 3229 1784 3288 norunt)
1796 3244 1804 3277 ε

1097 3318 1233 3367 Dardanum
1240 3318 1290 3379 jam
1300 3319 1404 3381 primum
1413 3317 1495 3378 genuit
1504 3316 1675 3377 nubes-cogens
1685 3316 1783 3378 Jupiter
1793 3331 1800 3363 :

1096 3404 1203 3454 condidit
1212 3411 1293 3455 antem
1303 3410 1325 3454 is
1334 3404 1477 3454 Dardmiiam
1488 3419 1494 3452 ι
1505 3404 1594 3467 quippe
1603 3403 1709 3452 nondum
1719 3404 1778 3452 ilios
1786 3416 1861 3452 sacua

1097 3493 1121 3540 in
1135 3506 1220 3555 campo
1235 3492 1425 3552 aedifioataerat‚
1439 3492 1497 3541 urhs
1511 3491 1791 3553 articulateloquentium
1805 3491 1889 3539 homi

1096 3578 1177 3642 naun]
1186 3580 1227 3628 sed
1237 3579 1316 3629 adhuc
1326 3580 1418 3629 radices
1427 3578 1567 3628 habitabant
1576 3577 1786 3639 irriguae-lontibus
1800 3577 1868 3627 tdae.

1098 3666 1221 3716 Dardanus
1230 3672 1310 3716 autem
1318 3667 1400 3728 gennit
1408 3666 1482 3714 tilium
1493 3664 1671 3714 Erichthonium
1680 3677 1776 3726 regem,

1096 3755 1137 3817 qui
1146 3759 1198 3803 tum
1207 3755 1402 3816 opulentissimus
1411 3756 1461 3802 erat
1471 3752 1608 3801 mortalium
1617 3751 1742 3800 hominum
1752 3766 1758 3798 ε

1096 3842 1168 3904 thus
1176 3842 1288 3891 ter-mitte
1296 3854 1365 3903 equae
1374 3854 1416 3903 per
1423 3840 1538 3902 palustria
1546 3838 1704 3901 pascebantur

1096 3929 1203 3989 semime,
1213 3929 1285 3993 pullis
1294 3928 1440 3979 exsultantes
1450 3927 1550 3978 teneris:
1622 3947 1624 3950 ·

1095 4018 1180 4066 hatum
1189 4017 1329 4081 eliquaret
1339 4020 1391 4078 ipse
1400 4019 1487 4064 Boreas
1495 4013 1617 4063 adamavit
1626 4011 1791 4075 pasemtinm,

1094 4118 1204 4167 equoque
1214 4118 1240 4153 se
1248 4098 1713 4167 quumassiinnlasset‚caeru1eis·1'uhis,
1723 4098 1867 4148 conminuit
1880 4113 1888 4146 ε

1095 4190 1142 4239 illae
1152 4204 1208 4241 vero
1217 4189 1397 4252 gravidae-laetae
1406 4192 1547 4252 pepererunt
1555 4185 1682 4236 duodecim
1691 4185 1808 4247 σημαίνει

1094 4279 1218 4327 haeautem
1224 4277 1319 4341 quando
1326 4274 1555 4326 saltu-lasciviebant
1561 4287 1632 4336 super
1638 4273 1726 4321 alnam
1732 4277 1845 4333 tenum,

1094 4380 1215 4416 summum
1221 4379 1292 4428 super
1296 4365 1422 4413 aristarum
1429 4363 1533 4411 imctnm
1539 4361 1674 4420 canebant,
1680 4373 1725 4409 neo
1731 4372 1777 4408 ens
1783 4359 1894 4421 {range-

1093 4454 1151 4503 hant
1162 4454 1178 4517 :]
1187 4458 1211 4503 at
1219 4465 1294 4516 quum
1304 4449 1529 4501 saltu-lasciviebant
1537 4460 1608 4509 super
1617 4447 1664 4496 tata
1673 4445 1745 4494 dorsa
1754 4447 1852 4506 maiis,

1093 4540 1252 4604 insuperhcie
1261 4552 1332 4602 super
1340 4535 1532 4586 collisos-ductus
1540 4534 1676 4584 matisconi
1684 4533 1826 4583 emebant

1092 4634 1179 4681 urcem
1187 4632 1267 4677 autem
1277 4624 1444 4675 Erichthonius
1452 4624 1534 4685 gennit
1543 4621 1649 4683 Troianis
1658 4633 1738 4683 regnu
1749 4634 1756 4668 :

1091 4721 1193 4768 eia-Troe
1202 4728 1259 4764 sero
1268 4718 1317 4762 tres
1325 4711 1367 4761 ulit
1375 4710 1456 4760 eximii
1465 4710 1615 4771 geniti-sunt,

1092 4805 1202 4868 nusqm,
1213 4808 1388 4862 Assaracusque
1396 4835 1404 4859 ,
1413 4802 1438 4847 et
1446 4797 1544 4859 deopar
1552 4794 1717 4857 Ganymedes,

1091 4894 1133 4956 qui
1142 4905 1198 4942 sane
1207 4888 1363 4954 pulecrrimus
1372 4890 1423 4935 erat
1431 4884 1566 4934 ωστίοίίυιο
1576 4883 1700 4932 hominum
1709 4898 1716 4929 :

1091 4989 1162 5043 quem
1171 4983 1196 5029 et
1204 4977 1450 5036 inultum-rapuerunt
1458 4973 1505 5033 dii,
1514 4972 1568 5021 tovi
1578 4969 1814 5032 ut-pocittnoresset
1822 5005 1835 5030 ,

1092 5066 1276 5131 pulcritudinem
1285 5062 1315 5113 oh
1325 5063 1414 5126 ipsius,
1424 5064 1452 5110 ut
1461 5058 1634 5109 immortalibus
1644 5058 1780 5108 interesset„

1059 5179 1067 5199 ι
1091 5156 1141 5206 tlns
1149 5160 1228 5205 antem
1237 5150 1319 5215 genuit
1328 5149 1402 5199 hliuni
1411 5146 1526 5197 eximium
1534 5141 1735 5203 laomedontem
