<?xml version="1.0" encoding="UTF-8"?>
<!DOCTYPE html PUBLIC "-//W3C//DTD XHTML 1.0 Transitional//EN"
    "http://www.w3.org/TR/xhtml1/DTD/xhtml1-transitional.dtd">
<html xmlns="http://www.w3.org/1999/xhtml" xml:lang="en" lang="en">
 <head>
  <title>
</title>
<meta http-equiv="Content-Type" content="text/html;charset=utf-8" />
  <meta name='ocr-system' content='tesseract 3.04.00' />
  <meta name='ocr-capabilities' content='ocr_page ocr_carea ocr_par ocr_line ocrx_word'/>
</head>
<body>
  <div class='ocr_page' id='page_1' title='image "./homericarminaet00dindgoog/homericarminaet00dindgoog_0123.png"; bbox 0 0 3850 5900; ppageno 0'>
   <div class='ocr_carea' id='block_1_1' title="bbox 358 450 589 512">
    <p class='ocr_par' dir='ltr' id='par_1_1' title="bbox 358 450 589 512">
     <span class='ocr_line' id='line_1_1' title="bbox 358 450 589 512; baseline 0 -2"><span class='ocrx_word' id='word_1_1' title='bbox 358 450 534 512; x_wconf 73' lang='lat' dir='ltr'><strong>tAiaaoz</strong></span> <span class='ocrx_word' id='word_1_2' title='bbox 554 452 589 512; x_wconf 86' lang='lat' dir='ltr'><strong>K.</strong></span> 
     </span>
    </p>
   </div>
   <div class='ocr_carea' id='block_1_2' title="bbox 70 569 870 5306">
    <p class='ocr_par' dir='ltr' id='par_1_2' title="bbox 124 569 760 743">
     <span class='ocr_line' id='line_1_2' title="bbox 125 569 760 655; baseline 0 -22"><span class='ocrx_word' id='word_1_3' title='bbox 125 569 256 655; x_wconf 89' lang='grc' dir='ltr'>πατρόθεν</span> <span class='ocrx_word' id='word_1_4' title='bbox 266 573 297 631; x_wconf 84' lang='grc' dir='ltr'>ἐκ</span> <span class='ocrx_word' id='word_1_5' title='bbox 304 576 395 651; x_wconf 89' lang='grc' dir='ltr'>γενεῆς</span> <span class='ocrx_word' id='word_1_6' title='bbox 403 571 538 650; x_wconf 72' lang='grc' dir='ltr'>ὀνομάζων</span> <span class='ocrx_word' id='word_1_7' title='bbox 548 572 630 655; x_wconf 79' lang='grc' dir='ltr'>ἄνδρα</span> <span class='ocrx_word' id='word_1_8' title='bbox 640 571 760 646; x_wconf 70' lang='grc' dir='ltr'>ἕκαστον,</span> 
     </span>
     <span class='ocr_line' id='line_1_3' title="bbox 124 658 691 743; baseline 0.005 -25"><span class='ocrx_word' id='word_1_9' title='bbox 124 661 228 728; x_wconf 88' lang='grc' dir='ltr'>πάντας</span> <span class='ocrx_word' id='word_1_10' title='bbox 237 659 374 719; x_wconf 82' lang='grc' dir='ltr'>κυδαίνων·</span> <span class='ocrx_word' id='word_1_11' title='bbox 384 658 451 738; x_wconf 78' lang='grc' dir='ltr'>μηδέ</span> <span class='ocrx_word' id='word_1_12' title='bbox 461 660 599 739; x_wconf 75' lang='grc' dir='ltr'>μεγαλίζεο</span> <span class='ocrx_word' id='word_1_13' title='bbox 609 664 691 743; x_wconf 78' lang='grc' dir='ltr'>θυμῷ.</span> 
     </span>
    </p>

    <p class='ocr_par' dir='ltr' id='par_1_3' title="bbox 86 740 792 951">
     <span class='ocr_line' id='line_1_4' title="bbox 86 740 792 830; baseline -0.004 -18"><span class='ocrx_word' id='word_1_14' title='bbox 86 773 114 814; x_wconf 76' lang='grc' dir='ltr'><strong>το</strong></span> <span class='ocrx_word' id='word_1_15' title='bbox 125 749 206 812; x_wconf 78' lang='grc' dir='ltr'>Ἀλλθ</span> <span class='ocrx_word' id='word_1_16' title='bbox 215 748 262 808; x_wconf 76' lang='grc' dir='ltr'><strong>καί</strong></span> <span class='ocrx_word' id='word_1_17' title='bbox 271 748 347 808; x_wconf 89' lang='grc' dir='ltr'>αὐτοί</span> <span class='ocrx_word' id='word_1_18' title='bbox 354 773 405 830; x_wconf 91' lang='grc' dir='ltr'><strong>περ</strong></span> <span class='ocrx_word' id='word_1_19' title='bbox 414 746 576 827; x_wconf 70' lang='grc' dir='ltr'>πονεώμεθα·</span> <span class='ocrx_word' id='word_1_20' title='bbox 586 740 639 808; x_wconf 73' lang='grc' dir='ltr'>ὧδέ</span> <span class='ocrx_word' id='word_1_21' title='bbox 646 774 697 809; x_wconf 91' lang='grc' dir='ltr'><strong>που</strong></span> <span class='ocrx_word' id='word_1_22' title='bbox 707 750 792 830; x_wconf 83' lang='grc' dir='ltr'>άμμιν</span> 
     </span>
     <span class='ocr_line' id='line_1_5' title="bbox 125 835 760 951; baseline 0.005 -55"><span class='ocrx_word' id='word_1_23' title='bbox 125 839 194 906; x_wconf 85' lang='grc' dir='ltr'><strong>Ζεύς</strong></span> <span class='ocrx_word' id='word_1_24' title='bbox 205 838 249 897; x_wconf 81' lang='grc' dir='ltr'><strong>ἐπί</strong></span> <span class='ocrx_word' id='word_1_25' title='bbox 258 835 443 917; x_wconf 66' lang='grc' dir='ltr'><strong>γινομένοισιν</strong></span> <span class='ocrx_word' id='word_1_26' title='bbox 452 836 487 896; x_wconf 69' lang='lat' dir='ltr'><strong>iss</strong></span> <span class='ocrx_word' id='word_1_27' title='bbox 495 836 631 911; x_wconf 83' lang='grc' dir='ltr'>κακότητα</span> <span class='ocrx_word' id='word_1_28' title='bbox 639 843 760 951; x_wconf 69' lang='grc' dir='ltr'>ραρείαν.</span> 
     </span>
    </p>

    <p class='ocr_par' dir='ltr' id='par_1_4' title="bbox 124 923 831 1184">
     <span class='ocr_line' id='line_1_6' title="bbox 165 923 806 1008; baseline -0.003 -21"><span class='ocrx_word' id='word_1_29' title='bbox 165 926 219 993; x_wconf 75' lang='grc' dir='ltr'><strong>Ὣς</strong></span> <span class='ocrx_word' id='word_1_30' title='bbox 227 923 307 985; x_wconf 75' lang='grc' dir='ltr'>εἰπὼν</span> <span class='ocrx_word' id='word_1_31' title='bbox 317 924 473 1002; x_wconf 81' lang='grc' dir='ltr'>ἀπέπεμπεν</span> <span class='ocrx_word' id='word_1_32' title='bbox 482 925 617 1008; x_wconf 83' lang='grc' dir='ltr'>σίδελρεδν,</span> <span class='ocrx_word' id='word_1_33' title='bbox 626 950 655 985; x_wconf 91' lang='grc' dir='ltr'><strong>ευ</strong></span> <span class='ocrx_word' id='word_1_34' title='bbox 665 927 806 995; x_wconf 75' lang='grc' dir='ltr'>ἐπιτείλας.</span> 
     </span>
     <span class='ocr_line' id='line_1_7' title="bbox 126 1010 831 1098; baseline 0 -23"><span class='ocrx_word' id='word_1_35' title='bbox 126 1012 220 1096; x_wconf 76' lang='grc' dir='ltr'>Αὐτύρ</span> <span class='ocrx_word' id='word_1_36' title='bbox 229 1017 245 1072; x_wconf 87' lang='lat' dir='ltr'><strong>d</strong></span> <span class='ocrx_word' id='word_1_37' title='bbox 255 1018 289 1093; x_wconf 90' lang='grc' dir='ltr'><strong>βῆ</strong></span> <span class='ocrx_word' id='word_1_38' title='bbox 301 1012 322 1098; x_wconf 80' lang='grc' dir='ltr'><strong>ρ’</strong></span> <span class='ocrx_word' id='word_1_39' title='bbox 334 1010 399 1071; x_wconf 80' lang='grc' dir='ltr'>ἰέναι</span> <span class='ocrx_word' id='word_1_40' title='bbox 410 1011 478 1091; x_wconf 72' lang='grc' dir='ltr'>μετὰ</span> <span class='ocrx_word' id='word_1_41' title='bbox 487 1012 741 1093; x_wconf 77' lang='grc' dir='ltr'>Νίστορα,ποιμένα</span> <span class='ocrx_word' id='word_1_42' title='bbox 750 1018 831 1075; x_wconf 88' lang='grc' dir='ltr'>λαῶν·</span> 
     </span>
     <span class='ocr_line' id='line_1_8' title="bbox 124 1093 750 1184; baseline 0 -22"><span class='ocrx_word' id='word_1_43' title='bbox 124 1103 171 1162; x_wconf 77' lang='grc' dir='ltr'><strong>τὸν</strong></span> <span class='ocrx_word' id='word_1_44' title='bbox 182 1102 204 1161; x_wconf 85' lang='grc' dir='ltr'><strong>δ’</strong></span> <span class='ocrx_word' id='word_1_45' title='bbox 214 1093 288 1184; x_wconf 77' lang='grc' dir='ltr'>εθρεν</span> <span class='ocrx_word' id='word_1_46' title='bbox 296 1100 371 1182; x_wconf 87' lang='grc' dir='ltr'>παρά</span> <span class='ocrx_word' id='word_1_47' title='bbox 380 1125 409 1160; x_wconf 89' lang='grc' dir='ltr'><strong>τε</strong></span> <span class='ocrx_word' id='word_1_48' title='bbox 418 1100 505 1182; x_wconf 79' lang='grc' dir='ltr'>κλισίῃ</span> <span class='ocrx_word' id='word_1_49' title='bbox 515 1102 561 1161; x_wconf 80' lang='grc' dir='ltr'><strong>καί</strong></span> <span class='ocrx_word' id='word_1_50' title='bbox 570 1098 613 1176; x_wconf 82' lang='grc' dir='ltr'><strong>νηί</strong></span> <span class='ocrx_word' id='word_1_51' title='bbox 623 1103 750 1184; x_wconf 79' lang='grc' dir='ltr'>μελαίνῃ,</span> 
     </span>
    </p>

    <p class='ocr_par' dir='ltr' id='par_1_5' title="bbox 84 1187 814 1801">
     <span class='ocr_line' id='line_1_9' title="bbox 87 1187 781 1271; baseline 0.007 -24"><span class='ocrx_word' id='word_1_52' title='bbox 87 1212 113 1253; x_wconf 79' lang='grc' dir='ltr'><strong>τε</strong></span> <span class='ocrx_word' id='word_1_53' title='bbox 126 1193 190 1270; x_wconf 77' lang='grc' dir='ltr'>εὐνῇ</span> <span class='ocrx_word' id='word_1_54' title='bbox 200 1188 238 1248; x_wconf 86' lang='grc' dir='ltr'><strong>ένι</strong></span> <span class='ocrx_word' id='word_1_55' title='bbox 248 1192 366 1269; x_wconf 84' lang='grc' dir='ltr'>μαλακῇ·</span> <span class='ocrx_word' id='word_1_56' title='bbox 375 1187 480 1271; x_wconf 75' lang='grc' dir='ltr'>παρθδ</span> <span class='ocrx_word' id='word_1_57' title='bbox 491 1189 567 1249; x_wconf 84' lang='grc' dir='ltr'>ἔντεα</span> <span class='ocrx_word' id='word_1_58' title='bbox 576 1191 673 1251; x_wconf 75' lang='grc' dir='ltr'>ποικίλ’</span> <span class='ocrx_word' id='word_1_59' title='bbox 684 1190 781 1265; x_wconf 81' lang='grc' dir='ltr'>ἔκειτο,</span> 
     </span>
     <span class='ocr_line' id='line_1_10' title="bbox 126 1274 708 1393; baseline 0.002 -56"><span class='ocrx_word' id='word_1_60' title='bbox 126 1276 208 1344; x_wconf 72' lang='grc' dir='ltr'>ἀσπὶς</span> <span class='ocrx_word' id='word_1_61' title='bbox 217 1276 263 1336; x_wconf 77' lang='grc' dir='ltr'><strong>καί</strong></span> <span class='ocrx_word' id='word_1_62' title='bbox 272 1274 319 1335; x_wconf 89' lang='grc' dir='ltr'><strong>δύο</strong></span> <span class='ocrx_word' id='word_1_63' title='bbox 327 1277 402 1358; x_wconf 77' lang='grc' dir='ltr'>δοῦρε</span> <span class='ocrx_word' id='word_1_64' title='bbox 412 1275 506 1357; x_wconf 75' lang='grc' dir='ltr'>φαεινή</span> <span class='ocrx_word' id='word_1_65' title='bbox 516 1300 545 1336; x_wconf 88' lang='grc' dir='ltr'><strong>τε</strong></span> <span class='ocrx_word' id='word_1_66' title='bbox 553 1277 708 1393; x_wconf 67' lang='grc' dir='ltr'>τρυράλεια.</span> 
     </span>
     <span class='ocr_line' id='line_1_11' title="bbox 127 1362 785 1450; baseline -0.005 -23"><span class='ocrx_word' id='word_1_67' title='bbox 127 1365 192 1447; x_wconf 75' lang='grc' dir='ltr'><strong>Πύρ</strong></span> <span class='ocrx_word' id='word_1_68' title='bbox 202 1362 230 1424; x_wconf 68' lang='grc' dir='ltr'><strong>δὲ</strong></span> <span class='ocrx_word' id='word_1_69' title='bbox 239 1362 344 1447; x_wconf 77' lang='grc' dir='ltr'>ζωστήρ</span> <span class='ocrx_word' id='word_1_70' title='bbox 352 1373 423 1423; x_wconf 82' lang='grc' dir='ltr'>κεῖτο</span> <span class='ocrx_word' id='word_1_71' title='bbox 431 1364 617 1449; x_wconf 82' lang='grc' dir='ltr'>παναίολος,ιρ</span> <span class='ocrx_word' id='word_1_72' title='bbox 628 1366 650 1449; x_wconf 81' lang='grc' dir='ltr'><strong>ρ’</strong></span> <span class='ocrx_word' id='word_1_73' title='bbox 659 1370 673 1425; x_wconf 85' lang='grc' dir='ltr'>δ</span> <span class='ocrx_word' id='word_1_74' title='bbox 682 1365 785 1450; x_wconf 86' lang='grc' dir='ltr'>γεραιός</span> 
     </span>
     <span class='ocr_line' id='line_1_12' title="bbox 125 1450 783 1537; baseline 0.006 -26"><span class='ocrx_word' id='word_1_75' title='bbox 125 1452 242 1525; x_wconf 75' lang='grc' dir='ltr'>ζώννυθ’,</span> <span class='ocrx_word' id='word_1_76' title='bbox 252 1450 289 1511; x_wconf 82' lang='grc' dir='ltr'><strong>ὅτ’</strong></span> <span class='ocrx_word' id='word_1_77' title='bbox 299 1451 447 1531; x_wconf 83' lang='grc' dir='ltr'>ἐςπύλεμον</span> <span class='ocrx_word' id='word_1_78' title='bbox 456 1452 599 1536; x_wconf 73' lang='grc' dir='ltr'>φθισήνορα</span> <span class='ocrx_word' id='word_1_79' title='bbox 609 1454 783 1537; x_wconf 77' lang='grc' dir='ltr'>θωρήσσοιτο,</span> 
     </span>
     <span class='ocr_line' id='line_1_13' title="bbox 121 1537 777 1625; baseline 0.003 -24"><span class='ocrx_word' id='word_1_80' title='bbox 121 1540 189 1601; x_wconf 82' lang='grc' dir='ltr'>λαύν</span> <span class='ocrx_word' id='word_1_81' title='bbox 199 1540 280 1619; x_wconf 78' lang='grc' dir='ltr'>ἄγων·</span> <span class='ocrx_word' id='word_1_82' title='bbox 290 1540 386 1600; x_wconf 85' lang='grc' dir='ltr'>ἐπείού</span> <span class='ocrx_word' id='word_1_83' title='bbox 396 1537 444 1619; x_wconf 81' lang='grc' dir='ltr'>μόν</span> <span class='ocrx_word' id='word_1_84' title='bbox 454 1538 581 1622; x_wconf 82' lang='grc' dir='ltr'>ἐπέτρεπε</span> <span class='ocrx_word' id='word_1_85' title='bbox 590 1541 672 1624; x_wconf 80' lang='grc' dir='ltr'>γήραΐ</span> <span class='ocrx_word' id='word_1_86' title='bbox 680 1546 777 1625; x_wconf 80' lang='grc' dir='ltr'>λυγρῷ.</span> 
     </span>
     <span class='ocr_line' id='line_1_14' title="bbox 84 1627 814 1712; baseline -0.004 -20"><span class='ocrx_word' id='word_1_87' title='bbox 84 1652 113 1691; x_wconf 78' lang='grc' dir='ltr'><strong>αι</strong></span> <span class='ocrx_word' id='word_1_88' title='bbox 122 1628 297 1712; x_wconf 77' lang='grc' dir='ltr'>Ὀρθωθελςδ</span> <span class='ocrx_word' id='word_1_89' title='bbox 308 1627 349 1710; x_wconf 71' lang='grc' dir='ltr'><strong>ἄρ’</strong></span> <span class='ocrx_word' id='word_1_90' title='bbox 359 1628 400 1687; x_wconf 87' lang='grc' dir='ltr'><strong>ἐπ’</strong></span> <span class='ocrx_word' id='word_1_91' title='bbox 410 1631 539 1708; x_wconf 74' lang='grc' dir='ltr'>ἀγκῶνος,</span> <span class='ocrx_word' id='word_1_92' title='bbox 549 1628 666 1711; x_wconf 79' lang='grc' dir='ltr'>κεραλῆν</span> <span class='ocrx_word' id='word_1_93' title='bbox 677 1629 814 1712; x_wconf 81' lang='grc' dir='ltr'>ἐπαείρας,</span> 
     </span>
     <span class='ocr_line' id='line_1_15' title="bbox 125 1715 710 1801; baseline -0.003 -23"><span class='ocrx_word' id='word_1_94' title='bbox 125 1716 262 1800; x_wconf 84' lang='grc' dir='ltr'>Ἀτρείδην</span> <span class='ocrx_word' id='word_1_95' title='bbox 270 1715 404 1798; x_wconf 86' lang='grc' dir='ltr'>προςέειπε</span> <span class='ocrx_word' id='word_1_96' title='bbox 411 1716 457 1776; x_wconf 82' lang='grc' dir='ltr'><strong>καὶ</strong></span> <span class='ocrx_word' id='word_1_97' title='bbox 467 1716 619 1799; x_wconf 78' lang='grc' dir='ltr'>ἐξερεείνετο</span> <span class='ocrx_word' id='word_1_98' title='bbox 628 1716 710 1801; x_wconf 83' lang='grc' dir='ltr'>μύθῳ·</span> 
     </span>
    </p>

    <p class='ocr_par' dir='ltr' id='par_1_6' title="bbox 124 1795 829 2065">
     <span class='ocr_line' id='line_1_16' title="bbox 163 1795 829 1888; baseline -0.005 -21"><span class='ocrx_word' id='word_1_99' title='bbox 163 1804 216 1871; x_wconf 87' lang='grc' dir='ltr'>Τίς</span> <span class='ocrx_word' id='word_1_100' title='bbox 224 1803 248 1863; x_wconf 77' lang='grc' dir='ltr'><strong>δ’</strong></span> <span class='ocrx_word' id='word_1_101' title='bbox 257 1795 331 1870; x_wconf 77' lang='grc' dir='ltr'>οὐτος</span> <span class='ocrx_word' id='word_1_102' title='bbox 339 1802 409 1862; x_wconf 74' lang='grc' dir='ltr'>κατὰ</span> <span class='ocrx_word' id='word_1_103' title='bbox 417 1808 481 1876; x_wconf 91' lang='grc' dir='ltr'>νῆας</span> <span class='ocrx_word' id='word_1_104' title='bbox 491 1802 542 1863; x_wconf 74' lang='lat' dir='ltr'><strong>tvl</strong></span> <span class='ocrx_word' id='word_1_105' title='bbox 551 1805 664 1888; x_wconf 76' lang='grc' dir='ltr'>στρατὸν</span> <span class='ocrx_word' id='word_1_106' title='bbox 675 1804 767 1887; x_wconf 77' lang='grc' dir='ltr'>ἔρχεαι</span> <span class='ocrx_word' id='word_1_107' title='bbox 776 1795 829 1873; x_wconf 78' lang='grc' dir='ltr'>οἶος</span> 
     </span>
     <span class='ocr_line' id='line_1_17' title="bbox 124 1888 794 1975; baseline -0.001 -23"><span class='ocrx_word' id='word_1_108' title='bbox 124 1891 211 1952; x_wconf 89' lang='grc' dir='ltr'>νύκτα</span> <span class='ocrx_word' id='word_1_109' title='bbox 221 1890 254 1950; x_wconf 83' lang='grc' dir='ltr'><strong>δι’</strong></span> <span class='ocrx_word' id='word_1_110' title='bbox 263 1889 398 1973; x_wconf 75' lang='grc' dir='ltr'>ὀρφναίην,</span> <span class='ocrx_word' id='word_1_111' title='bbox 408 1888 451 1949; x_wconf 82' lang='grc' dir='ltr'><strong>ὅτε</strong></span> <span class='ocrx_word' id='word_1_112' title='bbox 460 1890 483 1949; x_wconf 87' lang='grc' dir='ltr'>θ’</span> <span class='ocrx_word' id='word_1_113' title='bbox 493 1889 596 1951; x_wconf 85' lang='grc' dir='ltr'>εὐδουσι</span> <span class='ocrx_word' id='word_1_114' title='bbox 607 1893 695 1975; x_wconf 81' lang='grc' dir='ltr'>βροτοὶ</span> <span class='ocrx_word' id='word_1_115' title='bbox 704 1892 794 1967; x_wconf 69' lang='grc' dir='ltr'>ἄλλοις</span> 
     </span>
     <span class='ocr_line' id='line_1_18' title="bbox 124 1978 741 2065; baseline 0.003 -25"><span class='ocrx_word' id='word_1_116' title='bbox 124 1978 176 2062; x_wconf 83' lang='grc' dir='ltr'>[ήέ</span> <span class='ocrx_word' id='word_1_117' title='bbox 184 1979 234 2039; x_wconf 84' lang='grc' dir='ltr'>τιν’</span> <span class='ocrx_word' id='word_1_118' title='bbox 243 1979 345 2063; x_wconf 84' lang='grc' dir='ltr'>οὐρήυιν</span> <span class='ocrx_word' id='word_1_119' title='bbox 355 1978 502 2057; x_wconf 76' lang='grc' dir='ltr'>διζήμενος,</span> <span class='ocrx_word' id='word_1_120' title='bbox 511 1980 529 2052; x_wconf 86' lang='grc' dir='ltr'>ή</span> <span class='ocrx_word' id='word_1_121' title='bbox 539 1981 586 2040; x_wconf 90' lang='grc' dir='ltr'>τιν’</span> <span class='ocrx_word' id='word_1_122' title='bbox 597 1980 741 2065; x_wconf 73' lang='grc' dir='ltr'>έταίρωνς]</span> 
     </span>
    </p>

    <p class='ocr_par' dir='ltr' id='par_1_7' title="bbox 84 2066 863 2153">
     <span class='ocr_line' id='line_1_19' title="bbox 84 2066 863 2153; baseline -0.004 -22"><span class='ocrx_word' id='word_1_123' title='bbox 84 2092 113 2131; x_wconf 74' lang='grc' dir='ltr'><strong>ετ</strong></span> <span class='ocrx_word' id='word_1_124' title='bbox 124 2068 254 2153; x_wconf 72' lang='grc' dir='ltr'>φθέγγεο,</span> <span class='ocrx_word' id='word_1_125' title='bbox 264 2067 325 2146; x_wconf 86' lang='grc' dir='ltr'>μηδ’</span> <span class='ocrx_word' id='word_1_126' title='bbox 332 2066 417 2126; x_wconf 82' lang='grc' dir='ltr'>ἀκέων</span> <span class='ocrx_word' id='word_1_127' title='bbox 424 2066 465 2126; x_wconf 74' lang='grc' dir='ltr'><strong>ἐπ’</strong></span> <span class='ocrx_word' id='word_1_128' title='bbox 475 2066 517 2146; x_wconf 76' lang='grc' dir='ltr'><strong>ἔμ’</strong></span> <span class='ocrx_word' id='word_1_129' title='bbox 525 2066 609 2151; x_wconf 77' lang='grc' dir='ltr'>ἔρχεο·</span> <span class='ocrx_word' id='word_1_130' title='bbox 618 2068 694 2128; x_wconf 88' lang='grc' dir='ltr'>τίπτε</span> <span class='ocrx_word' id='word_1_131' title='bbox 704 2068 732 2128; x_wconf 88' lang='grc' dir='ltr'>δέ</span> <span class='ocrx_word' id='word_1_132' title='bbox 741 2093 771 2129; x_wconf 90' lang='grc' dir='ltr'><strong>σε</strong></span> <span class='ocrx_word' id='word_1_133' title='bbox 777 2068 863 2151; x_wconf 74' lang='grc' dir='ltr'>χρεώ,</span> 
     </span>
    </p>

    <p class='ocr_par' dir='ltr' id='par_1_8' title="bbox 167 2153 862 2238">
     <span class='ocr_line' id='line_1_20' title="bbox 167 2153 862 2238; baseline -0.001 -21"><span class='ocrx_word' id='word_1_134' title='bbox 167 2156 224 2218; x_wconf 85' lang='grc' dir='ltr'>Τύν</span> <span class='ocrx_word' id='word_1_135' title='bbox 234 2155 258 2214; x_wconf 83' lang='grc' dir='ltr'><strong>δ’</strong></span> <span class='ocrx_word' id='word_1_136' title='bbox 267 2153 385 2234; x_wconf 65' lang='grc' dir='ltr'>ἐμάθετ’</span> <span class='ocrx_word' id='word_1_137' title='bbox 395 2153 486 2214; x_wconf 81' lang='grc' dir='ltr'>ἔπειτα</span> <span class='ocrx_word' id='word_1_138' title='bbox 495 2154 560 2224; x_wconf 81' lang='grc' dir='ltr'>άναζ</span> <span class='ocrx_word' id='word_1_139' title='bbox 570 2156 671 2237; x_wconf 76' lang='grc' dir='ltr'>ἀνδρῶν</span> <span class='ocrx_word' id='word_1_140' title='bbox 683 2155 862 2238; x_wconf 77' lang='grc' dir='ltr'>Ἀγαμέμνων·</span> 
     </span>
    </p>

    <p class='ocr_par' dir='ltr' id='par_1_9' title="bbox 124 2234 829 2500">
     <span class='ocr_line' id='line_1_21' title="bbox 124 2234 722 2325; baseline -0.005 -20"><span class='ocrx_word' id='word_1_141' title='bbox 124 2234 150 2305; x_wconf 61' lang='lat' dir='ltr'><strong>ds</strong></span> <span class='ocrx_word' id='word_1_142' title='bbox 159 2243 265 2325; x_wconf 79' lang='grc' dir='ltr'>Νέστορ</span> <span class='ocrx_word' id='word_1_143' title='bbox 273 2241 427 2316; x_wconf 77' lang='grc' dir='ltr'>Νηληϊάδη,</span> <span class='ocrx_word' id='word_1_144' title='bbox 437 2242 505 2323; x_wconf 86' lang='grc' dir='ltr'>μίγα</span> <span class='ocrx_word' id='word_1_145' title='bbox 515 2244 591 2311; x_wconf 79' lang='grc' dir='ltr'>κῦδος</span> <span class='ocrx_word' id='word_1_146' title='bbox 600 2243 722 2324; x_wconf 89' lang='grc' dir='ltr'>Ἀχαιῶν,</span> 
     </span>
     <span class='ocr_line' id='line_1_22' title="bbox 126 2328 829 2414; baseline 0.001 -22"><span class='ocrx_word' id='word_1_147' title='bbox 126 2331 245 2412; x_wconf 76' lang='grc' dir='ltr'>γνώσεαι</span> <span class='ocrx_word' id='word_1_148' title='bbox 255 2330 387 2413; x_wconf 85' lang='grc' dir='ltr'>Ἀτρείδην</span> <span class='ocrx_word' id='word_1_149' title='bbox 397 2328 592 2409; x_wconf 76' lang='grc' dir='ltr'>Ἀγαμέμνονα,</span> <span class='ocrx_word' id='word_1_150' title='bbox 601 2330 645 2388; x_wconf 74' lang='grc' dir='ltr'><strong>τὀν</strong></span> <span class='ocrx_word' id='word_1_151' title='bbox 654 2332 715 2414; x_wconf 85' lang='grc' dir='ltr'>περὶ</span> <span class='ocrx_word' id='word_1_152' title='bbox 723 2331 829 2393; x_wconf 89' lang='grc' dir='ltr'>πάντων</span> 
     </span>
     <span class='ocr_line' id='line_1_23' title="bbox 126 2416 752 2500; baseline -0.003 -20"><span class='ocrx_word' id='word_1_153' title='bbox 126 2420 196 2488; x_wconf 83' lang='grc' dir='ltr'><strong>Ζεύς</strong></span> <span class='ocrx_word' id='word_1_154' title='bbox 205 2418 295 2492; x_wconf 79' lang='grc' dir='ltr'>ένέηκε</span> <span class='ocrx_word' id='word_1_155' title='bbox 303 2416 404 2478; x_wconf 86' lang='grc' dir='ltr'>πόνοισι</span> <span class='ocrx_word' id='word_1_156' title='bbox 414 2416 569 2500; x_wconf 81' lang='grc' dir='ltr'>διαμπερές,</span> <span class='ocrx_word' id='word_1_157' title='bbox 580 2416 654 2485; x_wconf 81' lang='grc' dir='ltr'>εόςύκ’</span> <span class='ocrx_word' id='word_1_158' title='bbox 664 2419 752 2498; x_wconf 81' lang='grc' dir='ltr'>άύτμῆ</span> 
     </span>
    </p>

    <p class='ocr_par' dir='ltr' id='par_1_10' title="bbox 82 2504 864 2939">
     <span class='ocr_line' id='line_1_24' title="bbox 82 2504 847 2590; baseline -0.007 -20"><span class='ocrx_word' id='word_1_159' title='bbox 82 2530 113 2570; x_wconf 76' lang='grc' dir='ltr'><strong>ου</strong></span> <span class='ocrx_word' id='word_1_160' title='bbox 127 2511 156 2568; x_wconf 79' lang='grc' dir='ltr'><strong>έν</strong></span> <span class='ocrx_word' id='word_1_161' title='bbox 166 2508 292 2580; x_wconf 81' lang='grc' dir='ltr'>στήθεσσι</span> <span class='ocrx_word' id='word_1_162' title='bbox 302 2504 382 2586; x_wconf 72' lang='grc' dir='ltr'>μένῃ,</span> <span class='ocrx_word' id='word_1_163' title='bbox 391 2504 437 2565; x_wconf 90' lang='grc' dir='ltr'><strong>καί</strong></span> <span class='ocrx_word' id='word_1_164' title='bbox 446 2529 491 2583; x_wconf 90' lang='grc' dir='ltr'><strong>μοι</strong></span> <span class='ocrx_word' id='word_1_165' title='bbox 501 2504 564 2587; x_wconf 78' lang='grc' dir='ltr'>φίλα</span> <span class='ocrx_word' id='word_1_166' title='bbox 574 2505 678 2584; x_wconf 80' lang='grc' dir='ltr'>γούνατ’</span> <span class='ocrx_word' id='word_1_167' title='bbox 687 2506 783 2590; x_wconf 71' lang='grc' dir='ltr'>ὀρώρῃ.</span> <span class='ocrx_word' id='word_1_168' title='bbox 844 2574 847 2579; x_wconf 40' lang='grc'>,</span> 
     </span>
     <span class='ocr_line' id='line_1_25' title="bbox 125 2585 864 2674; baseline 0.001 -21"><span class='ocrx_word' id='word_1_169' title='bbox 125 2596 275 2674; x_wconf 83' lang='grc' dir='ltr'>Πλάζομσι</span> <span class='ocrx_word' id='word_1_170' title='bbox 283 2585 338 2666; x_wconf 75' lang='grc' dir='ltr'>ὧδ’,</span> <span class='ocrx_word' id='word_1_171' title='bbox 346 2592 404 2652; x_wconf 74' lang='grc' dir='ltr'>ἐπεὶ</span> <span class='ocrx_word' id='word_1_172' title='bbox 411 2592 441 2652; x_wconf 91' lang='grc' dir='ltr'><strong>ού</strong></span> <span class='ocrx_word' id='word_1_173' title='bbox 451 2614 496 2671; x_wconf 90' lang='grc' dir='ltr'><strong>μοι</strong></span> <span class='ocrx_word' id='word_1_174' title='bbox 506 2591 547 2650; x_wconf 83' lang='grc' dir='ltr'><strong>ἐπ’</strong></span> <span class='ocrx_word' id='word_1_175' title='bbox 557 2591 659 2670; x_wconf 82' lang='grc' dir='ltr'>ὄμμασι</span> <span class='ocrx_word' id='word_1_176' title='bbox 666 2594 779 2673; x_wconf 80' lang='grc' dir='ltr'>νήδυμος</span> <span class='ocrx_word' id='word_1_177' title='bbox 786 2592 864 2661; x_wconf 85' lang='grc' dir='ltr'>ύπνος</span> 
     </span>
     <span class='ocr_line' id='line_1_26' title="bbox 124 2678 783 2761; baseline -0.003 -18"><span class='ocrx_word' id='word_1_178' title='bbox 124 2684 227 2757; x_wconf 75' lang='grc' dir='ltr'>ἱζάνει,</span> <span class='ocrx_word' id='word_1_179' title='bbox 238 2681 308 2743; x_wconf 74' lang='lat' dir='ltr'><strong>dlii</strong></span> <span class='ocrx_word' id='word_1_180' title='bbox 318 2680 392 2760; x_wconf 83' lang='grc' dir='ltr'>μίλει</span> <span class='ocrx_word' id='word_1_181' title='bbox 400 2678 514 2757; x_wconf 88' lang='grc' dir='ltr'>πύλεμος</span> <span class='ocrx_word' id='word_1_182' title='bbox 523 2678 568 2738; x_wconf 76' lang='grc' dir='ltr'><strong>καί</strong></span> <span class='ocrx_word' id='word_1_183' title='bbox 578 2679 650 2752; x_wconf 83' lang='grc' dir='ltr'>κήδε’</span> <span class='ocrx_word' id='word_1_184' title='bbox 661 2682 783 2761; x_wconf 85' lang='grc' dir='ltr'>Ἀχαιῶν.</span> 
     </span>
     <span class='ocr_line' id='line_1_27' title="bbox 125 2749 764 2853; baseline -0.005 -21"><span class='ocrx_word' id='word_1_185' title='bbox 125 2775 218 2840; x_wconf 80' lang='grc' dir='ltr'>Αἰνῶς</span> <span class='ocrx_word' id='word_1_186' title='bbox 226 2771 279 2853; x_wconf 75' lang='grc' dir='ltr'><strong>γὰρ</strong></span> <span class='ocrx_word' id='word_1_187' title='bbox 288 2774 398 2831; x_wconf 84' lang='grc' dir='ltr'>Δαναῶν</span> <span class='ocrx_word' id='word_1_188' title='bbox 408 2768 566 2852; x_wconf 87' lang='grc' dir='ltr'>περιδείδια,</span> <span class='ocrx_word' id='word_1_189' title='bbox 576 2767 636 2827; x_wconf 89' lang='grc' dir='ltr'>οὐδί</span> <span class='ocrx_word' id='word_1_190' title='bbox 645 2793 690 2847; x_wconf 92' lang='grc' dir='ltr'><strong>μοι</strong></span> <span class='ocrx_word' id='word_1_191' title='bbox 700 2749 764 2852; x_wconf 79' lang='grc' dir='ltr'>ήτορ</span> 
     </span>
     <span class='ocr_line' id='line_1_28' title="bbox 118 2854 784 2939; baseline -0.005 -19"><span class='ocrx_word' id='word_1_192' title='bbox 118 2860 253 2939; x_wconf 63' lang='grc' dir='ltr'>ἔμπεδον,</span> <span class='ocrx_word' id='word_1_193' title='bbox 262 2858 320 2919; x_wconf 78' lang='grc' dir='ltr'>ἀλλ’</span> <span class='ocrx_word' id='word_1_194' title='bbox 330 2854 524 2935; x_wconf 81' lang='grc' dir='ltr'>ἀλαλύκτημαι·</span> <span class='ocrx_word' id='word_1_195' title='bbox 534 2855 629 2938; x_wconf 86' lang='grc' dir='ltr'>κραδίη</span> <span class='ocrx_word' id='word_1_196' title='bbox 641 2855 670 2915; x_wconf 84' lang='grc' dir='ltr'>δέ</span> <span class='ocrx_word' id='word_1_197' title='bbox 679 2880 724 2935; x_wconf 82' lang='grc' dir='ltr'><strong>μοι</strong></span> <span class='ocrx_word' id='word_1_198' title='bbox 734 2857 784 2927; x_wconf 80' lang='grc' dir='ltr'><strong>ἐξω</strong></span> 
     </span>
    </p>

    <p class='ocr_par' dir='ltr' id='par_1_11' title="bbox 81 2943 834 3379">
     <span class='ocr_line' id='line_1_29' title="bbox 81 2943 822 3028; baseline -0.005 -18"><span class='ocrx_word' id='word_1_199' title='bbox 81 2970 110 3010; x_wconf 73' lang='grc' dir='ltr'><strong>τι</strong></span> <span class='ocrx_word' id='word_1_200' title='bbox 124 2946 245 3020; x_wconf 76' lang='grc' dir='ltr'>στηθέων</span> <span class='ocrx_word' id='word_1_201' title='bbox 255 2943 412 3028; x_wconf 82' lang='grc' dir='ltr'>ἐκθρώσκει,</span> <span class='ocrx_word' id='word_1_202' title='bbox 420 2943 524 3027; x_wconf 89' lang='grc' dir='ltr'>τρομέει</span> <span class='ocrx_word' id='word_1_203' title='bbox 534 2944 556 3003; x_wconf 80' lang='grc' dir='ltr'><strong>δ’</strong></span> <span class='ocrx_word' id='word_1_204' title='bbox 567 2943 618 3003; x_wconf 81' lang='grc' dir='ltr'><strong>ὐπὸ</strong></span> <span class='ocrx_word' id='word_1_205' title='bbox 628 2943 741 3025; x_wconf 79' lang='grc' dir='ltr'>φαίδιμα</span> <span class='ocrx_word' id='word_1_206' title='bbox 751 2955 822 3025; x_wconf 87' lang='grc' dir='ltr'>γυῖα.</span> 
     </span>
     <span class='ocr_line' id='line_1_30' title="bbox 123 3030 792 3116; baseline -0.007 -18"><span class='ocrx_word' id='word_1_207' title='bbox 123 3036 197 3098; x_wconf 83' lang='grc' dir='ltr'>Ἀλλ’</span> <span class='ocrx_word' id='word_1_208' title='bbox 207 3034 266 3095; x_wconf 86' lang='grc' dir='ltr'>είτι</span> <span class='ocrx_word' id='word_1_209' title='bbox 277 3033 401 3116; x_wconf 86' lang='grc' dir='ltr'>δραίνεις,</span> <span class='ocrx_word' id='word_1_210' title='bbox 411 3033 468 3093; x_wconf 77' lang='grc' dir='ltr'>ἐπεί</span> <span class='ocrx_word' id='word_1_211' title='bbox 477 3030 536 3092; x_wconf 79' lang='grc' dir='ltr'>οὐδέ</span> <span class='ocrx_word' id='word_1_212' title='bbox 546 3032 600 3113; x_wconf 73' lang='grc' dir='ltr'>σύγ’</span> <span class='ocrx_word' id='word_1_213' title='bbox 610 3031 689 3101; x_wconf 85' lang='grc' dir='ltr'>ύπνος</span> <span class='ocrx_word' id='word_1_214' title='bbox 698 3032 792 3093; x_wconf 90' lang='grc' dir='ltr'>ίκάνει·</span> 
     </span>
     <span class='ocr_line' id='line_1_31' title="bbox 123 3119 824 3206; baseline -0.007 -23"><span class='ocrx_word' id='word_1_215' title='bbox 123 3124 198 3206; x_wconf 73' lang='grc' dir='ltr'>δεῦρ’</span> <span class='ocrx_word' id='word_1_216' title='bbox 208 3125 234 3190; x_wconf 79' lang='grc' dir='ltr'><strong>ἐς</strong></span> <span class='ocrx_word' id='word_1_217' title='bbox 243 3120 303 3188; x_wconf 88' lang='grc' dir='ltr'><strong>τούς</strong></span> <span class='ocrx_word' id='word_1_218' title='bbox 311 3119 429 3203; x_wconf 72' lang='grc' dir='ltr'>φύλακας</span> <span class='ocrx_word' id='word_1_219' title='bbox 437 3120 622 3198; x_wconf 73' lang='grc' dir='ltr'>καταθείομεν,</span> <span class='ocrx_word' id='word_1_220' title='bbox 633 3119 701 3202; x_wconf 79' lang='grc' dir='ltr'>ὀρρα</span> <span class='ocrx_word' id='word_1_221' title='bbox 714 3120 824 3198; x_wconf 74' lang='grc' dir='ltr'>ἴδωμεν,</span> 
     </span>
     <span class='ocr_line' id='line_1_32' title="bbox 124 3205 745 3291; baseline -0.006 -22"><span class='ocrx_word' id='word_1_222' title='bbox 124 3208 167 3288; x_wconf 79' lang='grc' dir='ltr'><strong>μῆ</strong></span> <span class='ocrx_word' id='word_1_223' title='bbox 176 3210 218 3269; x_wconf 74' lang='grc' dir='ltr'><strong>τοί</strong></span> <span class='ocrx_word' id='word_1_224' title='bbox 228 3208 277 3287; x_wconf 79' lang='grc' dir='ltr'><strong>μέν</strong></span> <span class='ocrx_word' id='word_1_225' title='bbox 287 3209 400 3291; x_wconf 77' lang='grc' dir='ltr'>καμάτῳ</span> <span class='ocrx_word' id='word_1_226' title='bbox 412 3206 552 3281; x_wconf 87' lang='grc' dir='ltr'>α’δδηκύτες</span> <span class='ocrx_word' id='word_1_227' title='bbox 560 3205 608 3280; x_wconf 79' lang='grc' dir='ltr'><strong>ήδέ</strong></span> <span class='ocrx_word' id='word_1_228' title='bbox 616 3206 663 3267; x_wconf 78' lang='grc' dir='ltr'><strong>καὶ</strong></span> <span class='ocrx_word' id='word_1_229' title='bbox 671 3206 745 3291; x_wconf 78' lang='grc' dir='ltr'>ὐπνιμ</span> 
     </span>
     <span class='ocr_line' id='line_1_33' title="bbox 124 3294 834 3379; baseline -0.004 -23"><span class='ocrx_word' id='word_1_230' title='bbox 124 3295 327 3374; x_wconf 75' lang='grc' dir='ltr'>κοιμήσωνται,</span> <span class='ocrx_word' id='word_1_231' title='bbox 336 3295 404 3379; x_wconf 77' lang='grc' dir='ltr'><strong>ἄτύρ</strong></span> <span class='ocrx_word' id='word_1_232' title='bbox 413 3299 531 3376; x_wconf 77' lang='grc' dir='ltr'>φυλακῆς</span> <span class='ocrx_word' id='word_1_233' title='bbox 540 3295 584 3355; x_wconf 75' lang='grc' dir='ltr'><strong>ἐπὶ</strong></span> <span class='ocrx_word' id='word_1_234' title='bbox 593 3294 684 3375; x_wconf 82' lang='grc' dir='ltr'>πάγχυ</span> <span class='ocrx_word' id='word_1_235' title='bbox 693 3294 834 3355; x_wconf 87' lang='grc' dir='ltr'>λάθωνται.</span> 
     </span>
    </p>

    <p class='ocr_par' dir='ltr' id='par_1_12' title="bbox 72 3382 807 3552">
     <span class='ocr_line' id='line_1_34' title="bbox 72 3382 807 3465; baseline -0.005 -20"><span class='ocrx_word' id='word_1_236' title='bbox 72 3406 111 3445; x_wconf 84' lang='grc' dir='ltr'><strong>ιω</strong></span> <span class='ocrx_word' id='word_1_237' title='bbox 124 3384 303 3463; x_wconf 53' lang='lat' dir='ltr'><strong>anemis&amp;</strong></span> <span class='ocrx_word' id='word_1_238' title='bbox 313 3384 404 3465; x_wconf 75' lang='grc' dir='ltr'>ἄνδρες</span> <span class='ocrx_word' id='word_1_239' title='bbox 413 3382 506 3463; x_wconf 80' lang='grc' dir='ltr'>σχεδὸν</span> <span class='ocrx_word' id='word_1_240' title='bbox 515 3382 610 3442; x_wconf 76' lang='grc' dir='ltr'>εἵαται·</span> <span class='ocrx_word' id='word_1_241' title='bbox 621 3382 681 3442; x_wconf 82' lang='grc' dir='ltr'>οὐδέ</span> <span class='ocrx_word' id='word_1_242' title='bbox 688 3407 714 3442; x_wconf 89' lang='grc' dir='ltr'><strong>τι</strong></span> <span class='ocrx_word' id='word_1_243' title='bbox 723 3383 807 3462; x_wconf 86' lang='grc' dir='ltr'>ίδμεν,</span> 
     </span>
     <span class='ocr_line' id='line_1_35' title="bbox 125 3468 765 3552; baseline -0.003 -21"><span class='ocrx_word' id='word_1_244' title='bbox 125 3472 226 3552; x_wconf 73' lang='grc' dir='ltr'>μήπως</span> <span class='ocrx_word' id='word_1_245' title='bbox 234 3472 282 3530; x_wconf 78' lang='grc' dir='ltr'><strong>καὶ</strong></span> <span class='ocrx_word' id='word_1_246' title='bbox 291 3470 335 3530; x_wconf 72' lang='grc' dir='ltr'><strong>διὰ</strong></span> <span class='ocrx_word' id='word_1_247' title='bbox 343 3469 426 3530; x_wconf 91' lang='grc' dir='ltr'>νύκτα</span> <span class='ocrx_word' id='word_1_248' title='bbox 434 3469 607 3549; x_wconf 87' lang='grc' dir='ltr'>μενοινήσωσι</span> <span class='ocrx_word' id='word_1_249' title='bbox 623 3468 765 3550; x_wconf 89' lang='grc' dir='ltr'>μάχεσθαι.</span> 
     </span>
    </p>

    <p class='ocr_par' dir='ltr' id='par_1_13' title="bbox 123 3555 865 3815">
     <span class='ocr_line' id='line_1_36' title="bbox 168 3555 865 3639; baseline -0.006 -19"><span class='ocrx_word' id='word_1_250' title='bbox 168 3559 226 3621; x_wconf 79' lang='grc' dir='ltr'>Τὸν</span> <span class='ocrx_word' id='word_1_251' title='bbox 236 3559 258 3618; x_wconf 70' lang='grc' dir='ltr'><strong>δ’</strong></span> <span class='ocrx_word' id='word_1_252' title='bbox 267 3557 386 3637; x_wconf 84' lang='grc' dir='ltr'>ήμεέύετ’</span> <span class='ocrx_word' id='word_1_253' title='bbox 397 3557 488 3617; x_wconf 86' lang='grc' dir='ltr'>έπειτα</span> <span class='ocrx_word' id='word_1_254' title='bbox 498 3556 622 3639; x_wconf 76' lang='grc' dir='ltr'>Γερήνιος</span> <span class='ocrx_word' id='word_1_255' title='bbox 631 3555 731 3616; x_wconf 83' lang='grc' dir='ltr'>ἱππότα</span> <span class='ocrx_word' id='word_1_256' title='bbox 747 3556 865 3639; x_wconf 88' lang='grc' dir='ltr'>Νέστυιρ·</span> 
     </span>
     <span class='ocr_line' id='line_1_37' title="bbox 123 3643 745 3730; baseline -0.006 -23"><span class='ocrx_word' id='word_1_257' title='bbox 123 3646 248 3730; x_wconf 82' lang='grc' dir='ltr'>Ἀτρείδη</span> <span class='ocrx_word' id='word_1_258' title='bbox 257 3643 378 3719; x_wconf 89' lang='grc' dir='ltr'>κύδιστε,</span> <span class='ocrx_word' id='word_1_259' title='bbox 387 3644 452 3715; x_wconf 76' lang='grc' dir='ltr'>ἄναξ</span> <span class='ocrx_word' id='word_1_260' title='bbox 461 3646 562 3728; x_wconf 78' lang='grc' dir='ltr'>ἀνδρῶν</span> <span class='ocrx_word' id='word_1_261' title='bbox 573 3644 745 3724; x_wconf 78' lang='grc' dir='ltr'>Ἀγάμεμνον,</span> 
     </span>
     <span class='ocr_line' id='line_1_38' title="bbox 123 3728 767 3815; baseline -0.008 -20"><span class='ocrx_word' id='word_1_262' title='bbox 123 3734 159 3795; x_wconf 82' lang='grc' dir='ltr'><strong>οὗ</strong></span> <span class='ocrx_word' id='word_1_263' title='bbox 168 3740 218 3807; x_wconf 81' lang='grc' dir='ltr'><strong>θην</strong></span> <span class='ocrx_word' id='word_1_264' title='bbox 226 3734 341 3815; x_wconf 70' lang='lat' dir='ltr'><strong>&#39;Except</strong></span> <span class='ocrx_word' id='word_1_265' title='bbox 348 3731 437 3792; x_wconf 85' lang='grc' dir='ltr'>πάντα</span> <span class='ocrx_word' id='word_1_266' title='bbox 446 3731 567 3810; x_wconf 89' lang='grc' dir='ltr'>νοήματα</span> <span class='ocrx_word' id='word_1_267' title='bbox 578 3732 691 3810; x_wconf 86' lang='grc' dir='ltr'>μητίετα</span> <span class='ocrx_word' id='word_1_268' title='bbox 701 3728 767 3799; x_wconf 83' lang='grc' dir='ltr'><strong>Ζεύς</strong></span> 
     </span>
    </p>

    <p class='ocr_par' dir='ltr' id='par_1_14' title="bbox 72 3817 868 4253">
     <span class='ocr_line' id='line_1_39' title="bbox 72 3817 768 3897; baseline -0.006 -15"><span class='ocrx_word' id='word_1_269' title='bbox 72 3843 110 3882; x_wconf 70' lang='lat' dir='ltr'><strong>1oe</strong></span> <span class='ocrx_word' id='word_1_270' title='bbox 122 3821 259 3894; x_wconf 77' lang='grc' dir='ltr'>ἐκτελέει,</span> <span class='ocrx_word' id='word_1_271' title='bbox 268 3819 319 3880; x_wconf 83' lang='grc' dir='ltr'><strong>ὅσα</strong></span> <span class='ocrx_word' id='word_1_272' title='bbox 327 3817 379 3879; x_wconf 88' lang='grc' dir='ltr'><strong>πού</strong></span> <span class='ocrx_word' id='word_1_273' title='bbox 389 3843 434 3879; x_wconf 90' lang='grc' dir='ltr'><strong>νυν</strong></span> <span class='ocrx_word' id='word_1_274' title='bbox 446 3819 576 3879; x_wconf 72' lang='grc' dir='ltr'>ἐέλπεται·</span> <span class='ocrx_word' id='word_1_275' title='bbox 587 3820 656 3879; x_wconf 87' lang='grc' dir='ltr'>άλλά</span> <span class='ocrx_word' id='word_1_276' title='bbox 666 3841 710 3897; x_wconf 91' lang='grc' dir='ltr'><strong>μιν</strong></span> <span class='ocrx_word' id='word_1_277' title='bbox 720 3818 768 3878; x_wconf 82' lang='grc' dir='ltr'><strong>οἴω</strong></span> 
     </span>
     <span class='ocr_line' id='line_1_40' title="bbox 122 3905 798 3988; baseline -0.004 -19"><span class='ocrx_word' id='word_1_278' title='bbox 122 3910 224 3982; x_wconf 78' lang='grc' dir='ltr'>κήδεσι</span> <span class='ocrx_word' id='word_1_279' title='bbox 233 3907 376 3988; x_wconf 78' lang='grc' dir='ltr'>μοχθήσειν</span> <span class='ocrx_word' id='word_1_280' title='bbox 385 3908 431 3966; x_wconf 85' lang='grc' dir='ltr'><strong>καὶ</strong></span> <span class='ocrx_word' id='word_1_281' title='bbox 439 3907 565 3980; x_wconf 89' lang='grc' dir='ltr'>πλείοσιν,</span> <span class='ocrx_word' id='word_1_282' title='bbox 576 3907 601 3967; x_wconf 87' lang='grc' dir='ltr'><strong>εί</strong></span> <span class='ocrx_word' id='word_1_283' title='bbox 612 3932 657 3967; x_wconf 91' lang='grc' dir='ltr'><strong>κεν</strong></span> <span class='ocrx_word' id='word_1_284' title='bbox 668 3905 798 3987; x_wconf 83' lang='grc' dir='ltr'>Ἀχιλλεύς</span> 
     </span>
     <span class='ocr_line' id='line_1_41' title="bbox 123 3987 747 4109; baseline -0.006 -52"><span class='ocrx_word' id='word_1_285' title='bbox 123 3995 251 4077; x_wconf 80' lang='grc' dir='ltr'>ἐκχύλσο</span> <span class='ocrx_word' id='word_1_286' title='bbox 261 3994 401 4076; x_wconf 80' lang='grc' dir='ltr'>ἀργαλέοιο</span> <span class='ocrx_word' id='word_1_287' title='bbox 410 3994 578 4077; x_wconf 63' lang='grc' dir='ltr'>μεταστρίήηη</span> <span class='ocrx_word' id='word_1_288' title='bbox 585 3995 665 4109; x_wconf 73' lang='grc' dir='ltr'>ρίλον</span> <span class='ocrx_word' id='word_1_289' title='bbox 674 3987 747 4076; x_wconf 80' lang='grc' dir='ltr'>ήτορ.</span> 
     </span>
     <span class='ocr_line' id='line_1_42' title="bbox 122 4081 868 4165; baseline -0.003 -20"><span class='ocrx_word' id='word_1_290' title='bbox 122 4081 217 4146; x_wconf 63' lang='lat' dir='ltr'><strong>zelet</strong></span> <span class='ocrx_word' id='word_1_291' title='bbox 227 4082 292 4161; x_wconf 72' lang='grc' dir='ltr'>μάλ’</span> <span class='ocrx_word' id='word_1_292' title='bbox 302 4081 378 4163; x_wconf 65' lang='grc' dir='ltr'>ύμομ</span> <span class='ocrx_word' id='word_1_293' title='bbox 388 4082 448 4163; x_wconf 79' lang='grc' dir='ltr'>ἐγώ·</span> <span class='ocrx_word' id='word_1_294' title='bbox 458 4085 520 4144; x_wconf 73' lang='grc' dir='ltr'>ποτὶ</span> <span class='ocrx_word' id='word_1_295' title='bbox 534 4085 556 4143; x_wconf 83' lang='grc' dir='ltr'><strong>δ’</strong></span> <span class='ocrx_word' id='word_1_296' title='bbox 566 4108 600 4143; x_wconf 94' lang='grc' dir='ltr'><strong>αυ</strong></span> <span class='ocrx_word' id='word_1_297' title='bbox 610 4082 657 4143; x_wconf 78' lang='grc' dir='ltr'><strong>καί</strong></span> <span class='ocrx_word' id='word_1_298' title='bbox 668 4082 803 4165; x_wconf 82' lang='grc' dir='ltr'>ἐγείρομεν</span> <span class='ocrx_word' id='word_1_299' title='bbox 818 4081 868 4143; x_wconf 80' lang='grc' dir='ltr'><strong>άλ-</strong></span> 
     </span>
     <span class='ocr_line' id='line_1_43' title="bbox 123 4170 868 4253; baseline -0.005 -21"><span class='ocrx_word' id='word_1_300' title='bbox 123 4170 197 4248; x_wconf 59' lang='lat' dir='ltr'><strong>quta</strong></span> <span class='ocrx_word' id='word_1_301' title='bbox 207 4171 341 4243; x_wconf 85' lang='grc' dir='ltr'>Τυδείδην</span> <span class='ocrx_word' id='word_1_302' title='bbox 350 4171 515 4253; x_wconf 85' lang='grc' dir='ltr'>δουρικλυτδν</span> <span class='ocrx_word' id='word_1_303' title='bbox 530 4170 571 4243; x_wconf 77' lang='grc' dir='ltr'><strong>ἠδ’</strong></span> <span class='ocrx_word' id='word_1_304' title='bbox 582 4171 717 4243; x_wconf 80' lang='grc' dir='ltr'>Ὀδυσῆα,</span> <span class='ocrx_word' id='word_1_305' title='bbox 782 4171 868 4249; x_wconf 88' lang='grc' dir='ltr'>[λους,</span> 
     </span>
    </p>

    <p class='ocr_par' dir='ltr' id='par_1_15' title="bbox 70 4255 794 4690">
     <span class='ocr_line' id='line_1_44' title="bbox 70 4255 739 4338; baseline 0 -22"><span class='ocrx_word' id='word_1_306' title='bbox 70 4278 110 4318; x_wconf 83' lang='lat' dir='ltr'><strong>tte</strong></span> <span class='ocrx_word' id='word_1_307' title='bbox 121 4257 172 4330; x_wconf 74' lang='grc' dir='ltr'><strong>ἠδ’</strong></span> <span class='ocrx_word' id='word_1_308' title='bbox 181 4257 287 4318; x_wconf 73' lang='grc' dir='ltr'>Αἴαντα</span> <span class='ocrx_word' id='word_1_309' title='bbox 296 4256 379 4338; x_wconf 85' lang='grc' dir='ltr'>ταχύν</span> <span class='ocrx_word' id='word_1_310' title='bbox 388 4258 434 4317; x_wconf 76' lang='grc' dir='ltr'><strong>καὶ</strong></span> <span class='ocrx_word' id='word_1_311' title='bbox 442 4257 545 4327; x_wconf 81' lang='grc' dir='ltr'>Φυλέος</span> <span class='ocrx_word' id='word_1_312' title='bbox 555 4258 666 4336; x_wconf 77' lang='grc' dir='ltr'>ἄλκιμον</span> <span class='ocrx_word' id='word_1_313' title='bbox 675 4255 739 4316; x_wconf 87' lang='grc' dir='ltr'>υἱύν.</span> 
     </span>
     <span class='ocr_line' id='line_1_45' title="bbox 123 4343 782 4428; baseline -0.005 -22"><span class='ocrx_word' id='word_1_314' title='bbox 123 4346 200 4406; x_wconf 79' lang='grc' dir='ltr'>Ἀλλ’</span> <span class='ocrx_word' id='word_1_315' title='bbox 209 4345 283 4413; x_wconf 75' lang='grc' dir='ltr'>εἴτις</span> <span class='ocrx_word' id='word_1_316' title='bbox 292 4346 339 4405; x_wconf 76' lang='grc' dir='ltr'><strong>καί</strong></span> <span class='ocrx_word' id='word_1_317' title='bbox 346 4345 433 4414; x_wconf 90' lang='grc' dir='ltr'>τούςδε</span> <span class='ocrx_word' id='word_1_318' title='bbox 443 4345 628 4428; x_wconf 76' lang='grc' dir='ltr'>μετοιχόμενος</span> <span class='ocrx_word' id='word_1_319' title='bbox 636 4343 782 4418; x_wconf 84' lang='grc' dir='ltr'>καλέσειεν,</span> 
     </span>
     <span class='ocr_line' id='line_1_46' title="bbox 124 4431 718 4513; baseline -0.002 -21"><span class='ocrx_word' id='word_1_320' title='bbox 124 4431 249 4492; x_wconf 74' lang='grc' dir='ltr'>ἀντίθεόν</span> <span class='ocrx_word' id='word_1_321' title='bbox 258 4433 282 4492; x_wconf 87' lang='grc' dir='ltr'><strong>τ’</strong></span> <span class='ocrx_word' id='word_1_322' title='bbox 292 4431 395 4494; x_wconf 73' lang='grc' dir='ltr'>Αἴαντα</span> <span class='ocrx_word' id='word_1_323' title='bbox 404 4434 450 4493; x_wconf 75' lang='grc' dir='ltr'><strong>καὶ</strong></span> <span class='ocrx_word' id='word_1_324' title='bbox 459 4435 596 4513; x_wconf 80' lang='grc' dir='ltr'>Ἰδομενῆα</span> <span class='ocrx_word' id='word_1_325' title='bbox 607 4434 718 4493; x_wconf 82' lang='grc' dir='ltr'>ἄνακτα·</span> 
     </span>
     <span class='ocr_line' id='line_1_47' title="bbox 122 4516 794 4604; baseline -0.006 -23"><span class='ocrx_word' id='word_1_326' title='bbox 122 4526 181 4581; x_wconf 82' lang='grc' dir='ltr'><strong>τῶν</strong></span> <span class='ocrx_word' id='word_1_327' title='bbox 190 4521 246 4604; x_wconf 66' lang='grc' dir='ltr'><strong>γὰρ</strong></span> <span class='ocrx_word' id='word_1_328' title='bbox 254 4525 315 4593; x_wconf 87' lang='grc' dir='ltr'>νῆες</span> <span class='ocrx_word' id='word_1_329' title='bbox 324 4521 397 4581; x_wconf 77' lang='grc' dir='ltr'>ἔασιν</span> <span class='ocrx_word' id='word_1_330' title='bbox 407 4521 559 4594; x_wconf 71' lang='grc' dir='ltr'>ἑκαστάτω,</span> <span class='ocrx_word' id='word_1_331' title='bbox 569 4518 628 4580; x_wconf 69' lang='grc' dir='ltr'>οὐδὲ</span> <span class='ocrx_word' id='word_1_332' title='bbox 638 4519 700 4598; x_wconf 76' lang='grc' dir='ltr'>μαλ’</span> <span class='ocrx_word' id='word_1_333' title='bbox 710 4516 794 4598; x_wconf 84' lang='grc' dir='ltr'>έγγύς.</span> 
     </span>
     <span class='ocr_line' id='line_1_48' title="bbox 123 4606 750 4690; baseline -0.005 -22"><span class='ocrx_word' id='word_1_334' title='bbox 123 4608 210 4668; x_wconf 75' lang='grc' dir='ltr'>Ἀλλδ</span> <span class='ocrx_word' id='word_1_335' title='bbox 221 4609 299 4690; x_wconf 74' lang='grc' dir='ltr'>φίλον</span> <span class='ocrx_word' id='word_1_336' title='bbox 308 4631 360 4690; x_wconf 86' lang='grc' dir='ltr'><strong>περ</strong></span> <span class='ocrx_word' id='word_1_337' title='bbox 369 4606 444 4668; x_wconf 85' lang='grc' dir='ltr'>ἐόντα</span> <span class='ocrx_word' id='word_1_338' title='bbox 454 4608 500 4668; x_wconf 79' lang='grc' dir='ltr'><strong>καὶ</strong></span> <span class='ocrx_word' id='word_1_339' title='bbox 508 4610 606 4668; x_wconf 75' lang='grc' dir='ltr'>αἰδοῖον</span> <span class='ocrx_word' id='word_1_340' title='bbox 616 4606 750 4668; x_wconf 81' lang='grc' dir='ltr'>Μενέλαον</span> 
     </span>
    </p>

    <p class='ocr_par' dir='ltr' id='par_1_16' title="bbox 72 4690 869 4865">
     <span class='ocr_line' id='line_1_49' title="bbox 72 4690 869 4776; baseline -0.003 -22"><span class='ocrx_word' id='word_1_341' title='bbox 72 4716 110 4756; x_wconf 78' lang='grc' dir='ltr'><strong>ηε</strong></span> <span class='ocrx_word' id='word_1_342' title='bbox 123 4696 292 4755; x_wconf 84' lang='grc' dir='ltr'>νεικέαω-</span> <span class='ocrx_word' id='word_1_343' title='bbox 301 4696 374 4776; x_wconf 83' lang='grc' dir='ltr'>εἴπερ</span> <span class='ocrx_word' id='word_1_344' title='bbox 384 4719 429 4774; x_wconf 88' lang='grc' dir='ltr'><strong>μοι</strong></span> <span class='ocrx_word' id='word_1_345' title='bbox 438 4695 596 4774; x_wconf 88' lang='grc' dir='ltr'>νεμεσήσεαι</span> <span class='ocrx_word' id='word_1_346' title='bbox 607 4731 647 4742; x_wconf 94' lang='grc'>-</span> <span class='ocrx_word' id='word_1_347' title='bbox 659 4695 713 4754; x_wconf 89' lang='grc' dir='ltr'>οὐδ’</span> <span class='ocrx_word' id='word_1_348' title='bbox 727 4690 856 4753; x_wconf 81' lang='grc' dir='ltr'>ἐπικεύσω</span> <span class='ocrx_word' id='word_1_349' title='bbox 861 4739 869 4768; x_wconf 93' lang='grc'>,</span> 
     </span>
     <span class='ocr_line' id='line_1_50' title="bbox 124 4781 710 4865; baseline -0.002 -23"><span class='ocrx_word' id='word_1_350' title='bbox 124 4786 166 4851; x_wconf 71' lang='grc' dir='ltr'><strong>ὥς</strong></span> <span class='ocrx_word' id='word_1_351' title='bbox 175 4781 261 4856; x_wconf 77' lang='grc' dir='ltr'>εὕδει,</span> <span class='ocrx_word' id='word_1_352' title='bbox 272 4782 313 4842; x_wconf 76' lang='grc' dir='ltr'><strong>σοί</strong></span> <span class='ocrx_word' id='word_1_353' title='bbox 323 4782 346 4841; x_wconf 82' lang='grc' dir='ltr'><strong>δ’</strong></span> <span class='ocrx_word' id='word_1_354' title='bbox 355 4781 402 4864; x_wconf 81' lang='grc' dir='ltr'>οίιρ</span> <span class='ocrx_word' id='word_1_355' title='bbox 415 4784 554 4865; x_wconf 72' lang='grc' dir='ltr'>ἐπέτρεψεν</span> <span class='ocrx_word' id='word_1_356' title='bbox 564 4783 710 4843; x_wconf 81' lang='grc' dir='ltr'>πονέεσθαι.</span> 
     </span>
    </p>

    <p class='ocr_par' dir='ltr' id='par_1_17' title="bbox 124 4870 790 5073">
     <span class='ocr_line' id='line_1_51' title="bbox 125 4870 771 4954; baseline -0.008 -20"><span class='ocrx_word' id='word_1_357' title='bbox 125 4874 189 4934; x_wconf 61' lang='grc' dir='ltr'><strong>,Ἦν</strong></span> <span class='ocrx_word' id='word_1_358' title='bbox 197 4871 293 4953; x_wconf 79' lang='grc' dir='ltr'>ύρελεν</span> <span class='ocrx_word' id='word_1_359' title='bbox 302 4870 373 4931; x_wconf 76' lang='grc' dir='ltr'>κατὰ</span> <span class='ocrx_word' id='word_1_360' title='bbox 382 4870 483 4938; x_wconf 82' lang='grc' dir='ltr'>πάντας</span> <span class='ocrx_word' id='word_1_361' title='bbox 492 4875 620 4954; x_wconf 78' lang='grc' dir='ltr'>ἀριστῆας</span> <span class='ocrx_word' id='word_1_362' title='bbox 632 4870 771 4930; x_wconf 79' lang='grc' dir='ltr'>πονέεσθαι</span> 
     </span>
     <span class='ocr_line' id='line_1_52' title="bbox 124 4955 790 5073; baseline -0.006 -54"><span class='ocrx_word' id='word_1_363' title='bbox 124 4957 388 5073; x_wconf 45' lang='lat' dir='ltr'><strong>beamfled</strong></span> <span class='ocrx_word' id='word_1_364' title='bbox 396 4957 448 5041; x_wconf 70' lang='grc' dir='ltr'><strong>γάρ</strong></span> <span class='ocrx_word' id='word_1_365' title='bbox 457 4958 575 5019; x_wconf 82' lang='grc' dir='ltr'>ἱκάνεται</span> <span class='ocrx_word' id='word_1_366' title='bbox 584 4957 667 5018; x_wconf 79' lang='grc' dir='ltr'>οὐκέτ’</span> <span class='ocrx_word' id='word_1_367' title='bbox 677 4955 790 5024; x_wconf 82' lang='grc' dir='ltr'>ἀνεκτός.</span> 
     </span>
    </p>

    <p class='ocr_par' dir='ltr' id='par_1_18' title="bbox 172 5044 870 5130">
     <span class='ocr_line' id='line_1_53' title="bbox 172 5044 870 5130; baseline -0.007 -22"><span class='ocrx_word' id='word_1_368' title='bbox 172 5047 232 5108; x_wconf 75' lang='lat' dir='ltr'><strong>Toy</strong></span> <span class='ocrx_word' id='word_1_369' title='bbox 241 5048 264 5108; x_wconf 83' lang='grc' dir='ltr'><strong>δ’</strong></span> <span class='ocrx_word' id='word_1_370' title='bbox 275 5072 340 5107; x_wconf 87' lang='grc' dir='ltr'>αυτε</span> <span class='ocrx_word' id='word_1_371' title='bbox 350 5047 499 5130; x_wconf 84' lang='grc' dir='ltr'>προςέειπεν</span> <span class='ocrx_word' id='word_1_372' title='bbox 510 5046 574 5117; x_wconf 77' lang='grc' dir='ltr'>ἄναξ</span> <span class='ocrx_word' id='word_1_373' title='bbox 584 5049 684 5129; x_wconf 79' lang='grc' dir='ltr'>ἀνδρῶν</span> <span class='ocrx_word' id='word_1_374' title='bbox 692 5044 870 5125; x_wconf 78' lang='grc' dir='ltr'>Ἀγαμέμνων·</span> 
     </span>
    </p>

    <p class='ocr_par' dir='ltr' id='par_1_19' title="bbox 72 5124 811 5306">
     <span class='ocr_line' id='line_1_54' title="bbox 72 5124 779 5215; baseline -0.001 -21"><span class='ocrx_word' id='word_1_375' title='bbox 72 5154 112 5194; x_wconf 76' lang='lat' dir='ltr'><strong>m</strong></span> <span class='ocrx_word' id='word_1_376' title='bbox 124 5124 250 5215; x_wconf 70' lang='grc' dir='ltr'>εὐγέρον,</span> <span class='ocrx_word' id='word_1_377' title='bbox 260 5135 357 5195; x_wconf 76' lang='grc' dir='ltr'>ἄλλοτε</span> <span class='ocrx_word' id='word_1_378' title='bbox 367 5134 414 5214; x_wconf 79' lang='grc' dir='ltr'><strong>μέν</strong></span> <span class='ocrx_word' id='word_1_379' title='bbox 424 5158 454 5195; x_wconf 92' lang='grc' dir='ltr'><strong>σε</strong></span> <span class='ocrx_word' id='word_1_380' title='bbox 463 5134 509 5194; x_wconf 78' lang='grc' dir='ltr'><strong>καί</strong></span> <span class='ocrx_word' id='word_1_381' title='bbox 519 5134 671 5195; x_wconf 74' lang='grc' dir='ltr'>αἰτιάασθαι</span> <span class='ocrx_word' id='word_1_382' title='bbox 680 5134 779 5211; x_wconf 80' lang='grc' dir='ltr'>ἄνωγα·</span> 
     </span>
     <span class='ocr_line' id='line_1_55' title="bbox 124 5218 811 5306; baseline -0.007 -23"><span class='ocrx_word' id='word_1_383' title='bbox 124 5223 249 5283; x_wconf 81' lang='grc' dir='ltr'>πολλάκι</span> <span class='ocrx_word' id='word_1_384' title='bbox 258 5222 311 5306; x_wconf 78' lang='grc' dir='ltr'><strong>γύρ</strong></span> <span class='ocrx_word' id='word_1_385' title='bbox 320 5229 406 5301; x_wconf 70' lang='grc' dir='ltr'>μεθιεῖ</span> <span class='ocrx_word' id='word_1_386' title='bbox 414 5247 442 5284; x_wconf 87' lang='grc' dir='ltr'><strong>τε</strong></span> <span class='ocrx_word' id='word_1_387' title='bbox 450 5223 496 5284; x_wconf 77' lang='grc' dir='ltr'><strong>καὶ</strong></span> <span class='ocrx_word' id='word_1_388' title='bbox 504 5224 552 5283; x_wconf 90' lang='grc' dir='ltr'><strong>οὐκ</strong></span> <span class='ocrx_word' id='word_1_389' title='bbox 565 5221 645 5283; x_wconf 81' lang='grc' dir='ltr'>ἐθέλει</span> <span class='ocrx_word' id='word_1_390' title='bbox 658 5218 811 5294; x_wconf 82' lang='grc' dir='ltr'>πονέεσθαι,</span> 
     </span>
    </p>
   </div>
   <div class='ocr_carea' id='block_1_3' title="bbox 1154 461 1382 528">
    <p class='ocr_par' dir='ltr' id='par_1_20' title="bbox 1154 461 1382 528">
     <span class='ocr_line' id='line_1_56' title="bbox 1154 461 1382 528; baseline 0.031 -8"><span class='ocrx_word' id='word_1_391' title='bbox 1154 461 1323 525; x_wconf 76' lang='lat' dir='ltr'><strong>titanis</strong></span> <span class='ocrx_word' id='word_1_392' title='bbox 1345 466 1382 528; x_wconf 82' lang='grc' dir='ltr'><strong>Χ.</strong></span> 
     </span>
    </p>
   </div>
   <div class='ocr_carea' id='block_1_4' title="bbox 902 579 1689 1699">
    <p class='ocr_par' dir='ltr' id='par_1_21' title="bbox 902 579 1566 914">
     <span class='ocr_line' id='line_1_57' title="bbox 902 579 1566 654; baseline 0.024 -29"><span class='ocrx_word' id='word_1_393' title='bbox 902 582 995 640; x_wconf 72' lang='lat' dir='ltr'><strong>epatre</strong></span> <span class='ocrx_word' id='word_1_394' title='bbox 1003 592 1033 628; x_wconf 88' lang='lat' dir='ltr'><strong>ex</strong></span> <span class='ocrx_word' id='word_1_395' title='bbox 1044 579 1119 644; x_wconf 79' lang='lat' dir='ltr'>stirpe</span> <span class='ocrx_word' id='word_1_396' title='bbox 1127 594 1176 632; x_wconf 84' lang='grc' dir='ltr'>ειια</span> <span class='ocrx_word' id='word_1_397' title='bbox 1186 585 1334 648; x_wconf 86' lang='lat' dir='ltr'><strong>compellans</strong></span> <span class='ocrx_word' id='word_1_398' title='bbox 1344 586 1422 637; x_wconf 79' lang='lat' dir='ltr'><strong>vuum</strong></span> <span class='ocrx_word' id='word_1_399' title='bbox 1432 602 1566 654; x_wconf 90' lang='lat' dir='ltr'><strong>quemque,</strong></span> 
     </span>
     <span class='ocr_line' id='line_1_58' title="bbox 902 664 1566 740; baseline 0.024 -28"><span class='ocrx_word' id='word_1_400' title='bbox 902 677 987 715; x_wconf 89' lang='lat' dir='ltr'><strong>omnes</strong></span> <span class='ocrx_word' id='word_1_401' title='bbox 995 664 1269 731; x_wconf 73' lang='lat' dir='ltr'><strong>honoriticenominans5</strong></span> <span class='ocrx_word' id='word_1_402' title='bbox 1280 687 1327 723; x_wconf 91' lang='lat' dir='ltr'><strong>neu</strong></span> <span class='ocrx_word' id='word_1_403' title='bbox 1337 675 1461 738; x_wconf 81' lang='lat' dir='ltr'>superbias</span> <span class='ocrx_word' id='word_1_404' title='bbox 1470 678 1566 740; x_wconf 73' lang='lat' dir='ltr'><strong>animoy</strong></span> 
     </span>
     <span class='ocr_line' id='line_1_59' title="bbox 903 751 1484 818; baseline 0.024 -17"><span class='ocrx_word' id='word_1_405' title='bbox 903 751 945 802; x_wconf 90' lang='lat' dir='ltr'><strong>sed</strong></span> <span class='ocrx_word' id='word_1_406' title='bbox 956 765 1001 803; x_wconf 84' lang='lat' dir='ltr'><strong>nos</strong></span> <span class='ocrx_word' id='word_1_407' title='bbox 1010 754 1082 804; x_wconf 88' lang='lat' dir='ltr'><strong>etiam</strong></span> <span class='ocrx_word' id='word_1_408' title='bbox 1093 754 1138 818; x_wconf 87' lang='lat' dir='ltr'><strong>ipsi</strong></span> <span class='ocrx_word' id='word_1_409' title='bbox 1147 757 1286 809; x_wconf 76' lang='lat' dir='ltr'>laboremus</span> <span class='ocrx_word' id='word_1_410' title='bbox 1295 776 1302 809; x_wconf 76' lang='grc' dir='ltr'>ι</span> <span class='ocrx_word' id='word_1_411' title='bbox 1311 761 1346 811; x_wconf 91' lang='lat' dir='ltr'><strong>sic</strong></span> <span class='ocrx_word' id='word_1_412' title='bbox 1357 762 1405 813; x_wconf 89' lang='lat' dir='ltr'><strong>iere</strong></span> <span class='ocrx_word' id='word_1_413' title='bbox 1414 764 1484 815; x_wconf 90' lang='lat' dir='ltr'><strong>uobis</strong></span> 
     </span>
     <span class='ocr_line' id='line_1_60' title="bbox 902 839 1529 914; baseline 0.024 -26"><span class='ocrx_word' id='word_1_414' title='bbox 902 839 997 903; x_wconf 76' lang='lat' dir='ltr'>Jupiter</span> <span class='ocrx_word' id='word_1_415' title='bbox 1005 843 1162 894; x_wconf 88' lang='lat' dir='ltr'><strong>nascentibus</strong></span> <span class='ocrx_word' id='word_1_416' title='bbox 1171 845 1271 897; x_wconf 90' lang='lat' dir='ltr'><strong>immisit</strong></span> <span class='ocrx_word' id='word_1_417' title='bbox 1280 862 1412 899; x_wconf 72' lang='lat' dir='ltr'><strong>mumnam</strong></span> <span class='ocrx_word' id='word_1_418' title='bbox 1421 865 1529 914; x_wconf 79' lang='lat' dir='ltr'><strong>gravem.</strong></span> 
     </span>
    </p>

    <p class='ocr_par' dir='ltr' id='par_1_22' title="bbox 903 926 1689 1699">
     <span class='ocr_line' id='line_1_61' title="bbox 934 926 1655 1002; baseline 0.025 -26"><span class='ocrx_word' id='word_1_419' title='bbox 934 926 976 978; x_wconf 86' lang='lat' dir='ltr'><strong>Sic</strong></span> <span class='ocrx_word' id='word_1_420' title='bbox 984 928 1061 990; x_wconf 85' lang='lat' dir='ltr'><strong>latus,</strong></span> <span class='ocrx_word' id='word_1_421' title='bbox 1068 930 1160 982; x_wconf 82' lang='lat' dir='ltr'>dimisit</span> <span class='ocrx_word' id='word_1_422' title='bbox 1167 933 1279 996; x_wconf 78' lang='lat' dir='ltr'><strong>fratrem,</strong></span> <span class='ocrx_word' id='word_1_423' title='bbox 1290 938 1501 1002; x_wconf 82' lang='lat' dir='ltr'><strong>quamdiligenter</strong></span> <span class='ocrx_word' id='word_1_424' title='bbox 1509 942 1655 996; x_wconf 75' lang='lat' dir='ltr'><strong>mandasset.</strong></span> 
     </span>
     <span class='ocr_line' id='line_1_62' title="bbox 903 1017 1688 1091; baseline 0.025 -27"><span class='ocrx_word' id='word_1_425' title='bbox 903 1019 982 1079; x_wconf 90' lang='lat' dir='ltr'><strong>Atque</strong></span> <span class='ocrx_word' id='word_1_426' title='bbox 992 1017 1042 1080; x_wconf 88' lang='lat' dir='ltr'><strong>ipse</strong></span> <span class='ocrx_word' id='word_1_427' title='bbox 1051 1020 1217 1081; x_wconf 74' lang='lat' dir='ltr'><strong>proieetnsest</strong></span> <span class='ocrx_word' id='word_1_428' title='bbox 1226 1023 1260 1073; x_wconf 89' lang='lat' dir='ltr'><strong>ire</strong></span> <span class='ocrx_word' id='word_1_429' title='bbox 1268 1024 1299 1073; x_wconf 91' lang='lat' dir='ltr'><strong>ad</strong></span> <span class='ocrx_word' id='word_1_430' title='bbox 1304 1028 1436 1087; x_wconf 84' lang='lat' dir='ltr'><strong>Nestorem,</strong></span> <span class='ocrx_word' id='word_1_431' title='bbox 1443 1034 1562 1091; x_wconf 87' lang='lat' dir='ltr'><strong>pastorem</strong></span> <span class='ocrx_word' id='word_1_432' title='bbox 1569 1032 1688 1084; x_wconf 79' lang='lat' dir='ltr'><strong>uirorum:</strong></span> 
     </span>
     <span class='ocr_line' id='line_1_63' title="bbox 904 1103 1579 1179; baseline 0.025 -28"><span class='ocrx_word' id='word_1_433' title='bbox 904 1103 968 1153; x_wconf 90' lang='lat' dir='ltr'><strong>bunc</strong></span> <span class='ocrx_word' id='word_1_434' title='bbox 976 1110 1057 1155; x_wconf 87' lang='lat' dir='ltr'><strong>autem</strong></span> <span class='ocrx_word' id='word_1_435' title='bbox 1066 1107 1157 1158; x_wconf 81' lang='lat' dir='ltr'><strong>invenit</strong></span> <span class='ocrx_word' id='word_1_436' title='bbox 1165 1109 1195 1158; x_wconf 89' lang='lat' dir='ltr'><strong>ad</strong></span> <span class='ocrx_word' id='word_1_437' title='bbox 1207 1113 1334 1161; x_wconf 87' lang='lat' dir='ltr'><strong>tentorimu</strong></span> <span class='ocrx_word' id='word_1_438' title='bbox 1343 1118 1367 1163; x_wconf 91' lang='lat' dir='ltr'><strong>et</strong></span> <span class='ocrx_word' id='word_1_439' title='bbox 1379 1128 1465 1165; x_wconf 82' lang='lat' dir='ltr'><strong>navem</strong></span> <span class='ocrx_word' id='word_1_440' title='bbox 1475 1118 1579 1179; x_wconf 83' lang='lat' dir='ltr'><strong>nigram,</strong></span> 
     </span>
     <span class='ocr_line' id='line_1_64' title="bbox 903 1191 1568 1269; baseline 0.021 -28"><span class='ocrx_word' id='word_1_441' title='bbox 903 1191 964 1242; x_wconf 88' lang='lat' dir='ltr'><strong>lecto</strong></span> <span class='ocrx_word' id='word_1_442' title='bbox 973 1192 998 1242; x_wconf 93' lang='lat' dir='ltr'><strong>in</strong></span> <span class='ocrx_word' id='word_1_443' title='bbox 1006 1195 1073 1244; x_wconf 89' lang='lat' dir='ltr'><strong>molli</strong></span> <span class='ocrx_word' id='word_1_444' title='bbox 1084 1195 1216 1260; x_wconf 85' lang='lat' dir='ltr'><strong>:juxtaque</strong></span> <span class='ocrx_word' id='word_1_445' title='bbox 1227 1211 1285 1248; x_wconf 78' lang='grc' dir='ltr'>ενοι</span> <span class='ocrx_word' id='word_1_446' title='bbox 1294 1213 1362 1250; x_wconf 78' lang='lat' dir='ltr'><strong>mma</strong></span> <span class='ocrx_word' id='word_1_447' title='bbox 1371 1203 1437 1251; x_wconf 79' lang='lat' dir='ltr'><strong>saria</strong></span> <span class='ocrx_word' id='word_1_448' title='bbox 1443 1203 1568 1269; x_wconf 76' lang='lat' dir='ltr'><strong>iacebant,</strong></span> 
     </span>
     <span class='ocr_line' id='line_1_65' title="bbox 904 1281 1487 1349; baseline 0.017 -20"><span class='ocrx_word' id='word_1_449' title='bbox 904 1284 1013 1342; x_wconf 66' lang='lat' dir='ltr'><strong>scutum</strong></span> <span class='ocrx_word' id='word_1_450' title='bbox 1022 1284 1046 1331; x_wconf 89' lang='lat' dir='ltr'><strong>et</strong></span> <span class='ocrx_word' id='word_1_451' title='bbox 1055 1281 1111 1332; x_wconf 85' lang='lat' dir='ltr'><strong>duae</strong></span> <span class='ocrx_word' id='word_1_452' title='bbox 1121 1283 1211 1345; x_wconf 76' lang='lat' dir='ltr'><strong>bastae,</strong></span> <span class='ocrx_word' id='word_1_453' title='bbox 1220 1285 1392 1349; x_wconf 88' lang='lat' dir='ltr'><strong>splendidaque</strong></span> <span class='ocrx_word' id='word_1_454' title='bbox 1401 1288 1469 1349; x_wconf 81' lang='lat' dir='ltr'><strong>galea</strong></span> <span class='ocrx_word' id='word_1_455' title='bbox 1480 1304 1487 1339; x_wconf 89' lang='lat'>:</span> 
     </span>
     <span class='ocr_line' id='line_1_66' title="bbox 903 1369 1645 1440; baseline 0.02 -24"><span class='ocrx_word' id='word_1_456' title='bbox 903 1381 977 1431; x_wconf 81' lang='lat' dir='ltr'><strong>prope</strong></span> <span class='ocrx_word' id='word_1_457' title='bbox 986 1374 1067 1421; x_wconf 88' lang='lat' dir='ltr'><strong>autem</strong></span> <span class='ocrx_word' id='word_1_458' title='bbox 1076 1369 1170 1420; x_wconf 76' lang='lat' dir='ltr'><strong>balteus</strong></span> <span class='ocrx_word' id='word_1_459' title='bbox 1176 1371 1270 1434; x_wconf 89' lang='lat' dir='ltr'><strong>jacebat</strong></span> <span class='ocrx_word' id='word_1_460' title='bbox 1280 1375 1503 1438; x_wconf 78' lang='lat' dir='ltr'><strong>totusrariegatus,</strong></span> <span class='ocrx_word' id='word_1_461' title='bbox 1512 1391 1561 1440; x_wconf 92' lang='lat' dir='ltr'><strong>quo</strong></span> <span class='ocrx_word' id='word_1_462' title='bbox 1570 1392 1645 1430; x_wconf 82' lang='lat' dir='ltr'><strong>senex</strong></span> 
     </span>
     <span class='ocr_line' id='line_1_67' title="bbox 903 1455 1682 1529; baseline 0.017 -24"><span class='ocrx_word' id='word_1_463' title='bbox 903 1456 1051 1518; x_wconf 74' lang='lat' dir='ltr'><strong>cingebatur,</strong></span> <span class='ocrx_word' id='word_1_464' title='bbox 1060 1455 1158 1521; x_wconf 89' lang='lat' dir='ltr'><strong>quando</strong></span> <span class='ocrx_word' id='word_1_465' title='bbox 1166 1457 1198 1507; x_wconf 92' lang='lat' dir='ltr'><strong>ad</strong></span> <span class='ocrx_word' id='word_1_466' title='bbox 1207 1472 1311 1522; x_wconf 86' lang='lat' dir='ltr'><strong>pugnam</strong></span> <span class='ocrx_word' id='word_1_467' title='bbox 1322 1461 1531 1525; x_wconf 79' lang='lat' dir='ltr'><strong>viros-perdentem</strong></span> <span class='ocrx_word' id='word_1_468' title='bbox 1541 1473 1682 1529; x_wconf 86' lang='lat' dir='ltr'><strong>armaretur,</strong></span> 
     </span>
     <span class='ocr_line' id='line_1_68' title="bbox 904 1544 1689 1610; baseline 0.018 -18"><span class='ocrx_word' id='word_1_469' title='bbox 904 1544 1021 1607; x_wconf 89' lang='lat' dir='ltr'><strong>populum</strong></span> <span class='ocrx_word' id='word_1_470' title='bbox 1029 1544 1134 1595; x_wconf 88' lang='lat' dir='ltr'><strong>ducens:</strong></span> <span class='ocrx_word' id='word_1_471' title='bbox 1146 1547 1259 1610; x_wconf 89' lang='lat' dir='ltr'><strong>quoniam</strong></span> <span class='ocrx_word' id='word_1_472' title='bbox 1268 1549 1375 1597; x_wconf 91' lang='lat' dir='ltr'><strong>nondum</strong></span> <span class='ocrx_word' id='word_1_473' title='bbox 1385 1549 1484 1600; x_wconf 84' lang='lat' dir='ltr'><strong>cedebat</strong></span> <span class='ocrx_word' id='word_1_474' title='bbox 1493 1556 1608 1604; x_wconf 89' lang='lat' dir='ltr'><strong>senectuti</strong></span> <span class='ocrx_word' id='word_1_475' title='bbox 1617 1555 1689 1606; x_wconf 90' lang='lat' dir='ltr'><strong>tristi.</strong></span> 
     </span>
     <span class='ocr_line' id='line_1_69' title="bbox 905 1633 1500 1699; baseline 0.013 -19"><span class='ocrx_word' id='word_1_476' title='bbox 905 1634 1007 1681; x_wconf 79' lang='lat' dir='ltr'><strong>Erectus</strong></span> <span class='ocrx_word' id='word_1_477' title='bbox 1017 1636 1097 1682; x_wconf 87' lang='lat' dir='ltr'><strong>autern</strong></span> <span class='ocrx_word' id='word_1_478' title='bbox 1106 1634 1131 1682; x_wconf 93' lang='lat' dir='ltr'><strong>in</strong></span> <span class='ocrx_word' id='word_1_479' title='bbox 1140 1633 1264 1694; x_wconf 92' lang='lat' dir='ltr'><strong>cubitum,</strong></span> <span class='ocrx_word' id='word_1_480' title='bbox 1273 1636 1398 1699; x_wconf 79' lang='lat' dir='ltr'><strong>capiteque</strong></span> <span class='ocrx_word' id='word_1_481' title='bbox 1408 1637 1500 1699; x_wconf 80' lang='lat' dir='ltr'><strong>levato,</strong></span> 
     </span>
    </p>
   </div>
   <div class='ocr_carea' id='block_1_5' title="bbox 903 1719 1688 1961">
    <p class='ocr_par' dir='ltr' id='par_1_23' title="bbox 903 1719 1688 1961">
     <span class='ocr_line' id='line_1_70' title="bbox 903 1719 1637 1785; baseline 0.014 -17"><span class='ocrx_word' id='word_1_482' title='bbox 903 1719 1003 1770; x_wconf 88' lang='lat' dir='ltr'><strong>Atriden</strong></span> <span class='ocrx_word' id='word_1_483' title='bbox 1011 1719 1223 1782; x_wconf 83' lang='lat' dir='ltr'><strong>allocutusest,et</strong></span> <span class='ocrx_word' id='word_1_484' title='bbox 1232 1723 1582 1785; x_wconf 81' lang='lat' dir='ltr'><strong>bitemogabatlrocsermone:</strong></span> <span class='ocrx_word' id='word_1_485' title='bbox 1634 1778 1637 1783; x_wconf 25' lang='lat'><strong>⁴</strong></span> 
     </span>
     <span class='ocr_line' id='line_1_71' title="bbox 936 1807 1688 1879; baseline 0.012 -24"><span class='ocrx_word' id='word_1_486' title='bbox 936 1807 1054 1865; x_wconf 87' lang='lat' dir='ltr'><strong>Quisnam</strong></span> <span class='ocrx_word' id='word_1_487' title='bbox 1061 1812 1143 1872; x_wconf 76' lang='lat' dir='ltr'><strong>ecqui</strong></span> <span class='ocrx_word' id='word_1_488' title='bbox 1154 1809 1187 1858; x_wconf 89' lang='lat' dir='ltr'><strong>ita</strong></span> <span class='ocrx_word' id='word_1_489' title='bbox 1194 1810 1337 1860; x_wconf 71' lang='lat' dir='ltr'><strong>internatas</strong></span> <span class='ocrx_word' id='word_1_490' title='bbox 1345 1825 1387 1879; x_wconf 86' lang='lat' dir='ltr'><strong>per</strong></span> <span class='ocrx_word' id='word_1_491' title='bbox 1393 1814 1528 1864; x_wconf 87' lang='lat' dir='ltr'><strong>exercitum</strong></span> <span class='ocrx_word' id='word_1_492' title='bbox 1536 1815 1605 1865; x_wconf 90' lang='lat' dir='ltr'><strong>radis</strong></span> <span class='ocrx_word' id='word_1_493' title='bbox 1613 1817 1688 1877; x_wconf 83' lang='lat' dir='ltr'><strong>solus,</strong></span> 
     </span>
     <span class='ocr_line' id='line_1_72' title="bbox 904 1897 1683 1961; baseline 0.013 -16"><span class='ocrx_word' id='word_1_494' title='bbox 904 1900 998 1945; x_wconf 88' lang='lat' dir='ltr'><strong>noctem</strong></span> <span class='ocrx_word' id='word_1_495' title='bbox 1008 1910 1050 1959; x_wconf 86' lang='lat' dir='ltr'><strong>per</strong></span> <span class='ocrx_word' id='word_1_496' title='bbox 1060 1897 1225 1959; x_wconf 89' lang='lat' dir='ltr'><strong>tenebrosam,</strong></span> <span class='ocrx_word' id='word_1_497' title='bbox 1234 1898 1332 1961; x_wconf 89' lang='lat' dir='ltr'><strong>quando</strong></span> <span class='ocrx_word' id='word_1_498' title='bbox 1340 1898 1463 1951; x_wconf 87' lang='lat' dir='ltr'><strong>dormiunt</strong></span> <span class='ocrx_word' id='word_1_499' title='bbox 1472 1903 1585 1954; x_wconf 86' lang='lat' dir='ltr'><strong>mortales</strong></span> <span class='ocrx_word' id='word_1_500' title='bbox 1594 1905 1683 1955; x_wconf 85' lang='lat' dir='ltr'><strong>ceteri?</strong></span> 
     </span>
    </p>
   </div>
   <div class='ocr_carea' id='block_1_6' title="bbox 1629 486 1684 537">
    <p class='ocr_par' dir='ltr' id='par_1_24' title="bbox 1629 486 1684 537">
     <span class='ocr_line' id='line_1_73' title="bbox 1629 486 1684 537; baseline 0 -1"><span class='ocrx_word' id='word_1_501' title='bbox 1629 486 1684 537; x_wconf 84' lang='lat' dir='ltr'><strong>ton</strong></span> 
     </span>
    </p>
   </div>
   <div class='ocr_carea' id='block_1_7' title="bbox 845 1983 1637 2056">
    <p class='ocr_par' dir='ltr' id='par_1_25' title="bbox 845 1983 1637 2056">
     <span class='ocr_line' id='line_1_74' title="bbox 845 1983 1637 2056; baseline 0.01 -24"><span class='ocrx_word' id='word_1_502' title='bbox 845 2028 849 2033; x_wconf 75' lang='grc'><strong><em>,</em></strong></span> <span class='ocrx_word' id='word_1_503' title='bbox 905 1983 945 2048; x_wconf 89' lang='lat' dir='ltr'><strong>[an</strong></span> <span class='ocrx_word' id='word_1_504' title='bbox 953 1984 1058 2046; x_wconf 87' lang='lat' dir='ltr'><strong>aliquem</strong></span> <span class='ocrx_word' id='word_1_505' title='bbox 1068 1985 1195 2034; x_wconf 89' lang='lat' dir='ltr'><strong>custodum</strong></span> <span class='ocrx_word' id='word_1_506' title='bbox 1204 1988 1484 2051; x_wconf 71' lang='lat' dir='ltr'><strong>quarens,analiquem</strong></span> <span class='ocrx_word' id='word_1_507' title='bbox 1493 1989 1637 2056; x_wconf 79' lang='lat' dir='ltr'><strong>sodaliumi]</strong></span> 
     </span>
    </p>
   </div>
   <div class='ocr_carea' id='block_1_8' title="bbox 904 2073 1696 5299">
    <p class='ocr_par' dir='ltr' id='par_1_26' title="bbox 904 2073 1696 5299">
     <span class='ocr_line' id='line_1_75' title="bbox 904 2073 1655 2141; baseline 0.009 -20"><span class='ocrx_word' id='word_1_508' title='bbox 904 2074 1026 2135; x_wconf 83' lang='lat' dir='ltr'><strong>Loquere,</strong></span> <span class='ocrx_word' id='word_1_509' title='bbox 1035 2085 1081 2122; x_wconf 91' lang='lat' dir='ltr'><strong>neu</strong></span> <span class='ocrx_word' id='word_1_510' title='bbox 1092 2073 1180 2123; x_wconf 89' lang='lat' dir='ltr'><strong>tacitus</strong></span> <span class='ocrx_word' id='word_1_511' title='bbox 1189 2073 1220 2122; x_wconf 89' lang='lat' dir='ltr'><strong>ad</strong></span> <span class='ocrx_word' id='word_1_512' title='bbox 1230 2087 1269 2124; x_wconf 89' lang='lat' dir='ltr'><strong>me</strong></span> <span class='ocrx_word' id='word_1_513' title='bbox 1277 2074 1363 2125; x_wconf 57' lang='grc' dir='ltr'><strong>τωο</strong></span> <span class='ocrx_word' id='word_1_514' title='bbox 1372 2091 1379 2124; x_wconf 90' lang='lat'>:</span> <span class='ocrx_word' id='word_1_515' title='bbox 1388 2075 1447 2138; x_wconf 91' lang='lat' dir='ltr'><strong>quid</strong></span> <span class='ocrx_word' id='word_1_516' title='bbox 1458 2090 1515 2127; x_wconf 79' lang='lat' dir='ltr'><strong>sero</strong></span> <span class='ocrx_word' id='word_1_517' title='bbox 1525 2077 1569 2127; x_wconf 91' lang='lat' dir='ltr'><strong>tibi</strong></span> <span class='ocrx_word' id='word_1_518' title='bbox 1577 2083 1655 2141; x_wconf 83' lang='lat' dir='ltr'><strong>opus?</strong></span> 
     </span>
     <span class='ocr_line' id='line_1_76' title="bbox 935 2159 1655 2228; baseline 0.003 -18"><span class='ocrx_word' id='word_1_519' title='bbox 935 2159 998 2210; x_wconf 83' lang='lat' dir='ltr'><strong>Huic</strong></span> <span class='ocrx_word' id='word_1_520' title='bbox 1007 2166 1088 2210; x_wconf 90' lang='lat' dir='ltr'><strong>autem</strong></span> <span class='ocrx_word' id='word_1_521' title='bbox 1097 2161 1219 2225; x_wconf 87' lang='lat' dir='ltr'><strong>respondit</strong></span> <span class='ocrx_word' id='word_1_522' title='bbox 1226 2161 1313 2212; x_wconf 88' lang='lat' dir='ltr'><strong>deinde</strong></span> <span class='ocrx_word' id='word_1_523' title='bbox 1322 2177 1364 2213; x_wconf 80' lang='lat' dir='ltr'><strong>rex</strong></span> <span class='ocrx_word' id='word_1_524' title='bbox 1374 2163 1481 2213; x_wconf 77' lang='lat' dir='ltr'><strong>uirorum</strong></span> <span class='ocrx_word' id='word_1_525' title='bbox 1491 2170 1638 2228; x_wconf 72' lang='lat' dir='ltr'><strong>Agamemno</strong></span> <span class='ocrx_word' id='word_1_526' title='bbox 1648 2182 1655 2216; x_wconf 72' lang='grc' dir='ltr'>ι</span> 
     </span>
     <span class='ocr_line' id='line_1_77' title="bbox 905 2248 1465 2312; baseline 0.005 -15"><span class='ocrx_word' id='word_1_527' title='bbox 905 2250 1016 2298; x_wconf 77' lang='lat' dir='ltr'><strong>ollestor</strong></span> <span class='ocrx_word' id='word_1_528' title='bbox 1024 2248 1121 2311; x_wconf 83' lang='lat' dir='ltr'><strong>Nelide,</strong></span> <span class='ocrx_word' id='word_1_529' title='bbox 1130 2249 1213 2312; x_wconf 82' lang='lat' dir='ltr'><strong>ingens</strong></span> <span class='ocrx_word' id='word_1_530' title='bbox 1222 2250 1296 2312; x_wconf 80' lang='lat' dir='ltr'><strong>gioria</strong></span> <span class='ocrx_word' id='word_1_531' title='bbox 1304 2251 1465 2312; x_wconf 77' lang='lat' dir='ltr'><strong>Aelurorum,</strong></span> 
     </span>
     <span class='ocr_line' id='line_1_78' title="bbox 905 2337 1616 2403; baseline 0.01 -18"><span class='ocrx_word' id='word_1_532' title='bbox 905 2347 1020 2398; x_wconf 79' lang='lat' dir='ltr'><strong>agnosces</strong></span> <span class='ocrx_word' id='word_1_533' title='bbox 1029 2337 1128 2387; x_wconf 77' lang='lat' dir='ltr'><strong>Atriden</strong></span> <span class='ocrx_word' id='word_1_534' title='bbox 1137 2342 1356 2400; x_wconf 77' lang='lat' dir='ltr'><strong>Agamemnonem,</strong></span> <span class='ocrx_word' id='word_1_535' title='bbox 1366 2353 1439 2402; x_wconf 91' lang='lat' dir='ltr'><strong>quem</strong></span> <span class='ocrx_word' id='word_1_536' title='bbox 1449 2353 1523 2403; x_wconf 90' lang='lat' dir='ltr'><strong>supra</strong></span> <span class='ocrx_word' id='word_1_537' title='bbox 1531 2354 1616 2392; x_wconf 90' lang='lat' dir='ltr'><strong>omnes</strong></span> 
     </span>
     <span class='ocr_line' id='line_1_79' title="bbox 905 2422 1665 2492; baseline 0.011 -21"><span class='ocrx_word' id='word_1_538' title='bbox 905 2422 1000 2485; x_wconf 84' lang='lat' dir='ltr'><strong>tupiter</strong></span> <span class='ocrx_word' id='word_1_539' title='bbox 1009 2424 1108 2487; x_wconf 73' lang='lat' dir='ltr'><strong>conjecit</strong></span> <span class='ocrx_word' id='word_1_540' title='bbox 1117 2424 1245 2475; x_wconf 75' lang='lat' dir='ltr'><strong>inlabores</strong></span> <span class='ocrx_word' id='word_1_541' title='bbox 1254 2430 1383 2489; x_wconf 88' lang='lat' dir='ltr'><strong>perpetuo,</strong></span> <span class='ocrx_word' id='word_1_542' title='bbox 1393 2426 1474 2490; x_wconf 86' lang='lat' dir='ltr'><strong>quoad</strong></span> <span class='ocrx_word' id='word_1_543' title='bbox 1483 2428 1582 2492; x_wconf 85' lang='lat' dir='ltr'><strong>spiritus</strong></span> <span class='ocrx_word' id='word_1_544' title='bbox 1660 2456 1665 2471; x_wconf 63' lang='grc' dir='ltr'>ι</span> 
     </span>
     <span class='ocr_line' id='line_1_80' title="bbox 905 2510 1606 2576; baseline 0.011 -18"><span class='ocrx_word' id='word_1_545' title='bbox 905 2510 930 2559; x_wconf 88' lang='lat' dir='ltr'><strong>in</strong></span> <span class='ocrx_word' id='word_1_546' title='bbox 939 2511 1075 2573; x_wconf 86' lang='lat' dir='ltr'><strong>pectoribus</strong></span> <span class='ocrx_word' id='word_1_547' title='bbox 1083 2517 1193 2574; x_wconf 86' lang='lat' dir='ltr'><strong>maneat,</strong></span> <span class='ocrx_word' id='word_1_548' title='bbox 1202 2518 1226 2563; x_wconf 92' lang='lat' dir='ltr'><strong>et</strong></span> <span class='ocrx_word' id='word_1_549' title='bbox 1235 2513 1294 2562; x_wconf 79' lang='lat' dir='ltr'><strong>nubi</strong></span> <span class='ocrx_word' id='word_1_550' title='bbox 1302 2526 1359 2562; x_wconf 88' lang='lat' dir='ltr'><strong>cara</strong></span> <span class='ocrx_word' id='word_1_551' title='bbox 1368 2527 1446 2576; x_wconf 80' lang='lat' dir='ltr'><strong>genua</strong></span> <span class='ocrx_word' id='word_1_552' title='bbox 1455 2521 1606 2566; x_wconf 82' lang='lat' dir='ltr'><strong>moveantur.</strong></span> 
     </span>
     <span class='ocr_line' id='line_1_81' title="bbox 906 2598 1591 2661; baseline 0.009 -14"><span class='ocrx_word' id='word_1_553' title='bbox 906 2601 966 2647; x_wconf 83' lang='lat' dir='ltr'><strong>Erro</strong></span> <span class='ocrx_word' id='word_1_554' title='bbox 975 2598 1021 2661; x_wconf 89' lang='lat' dir='ltr'><strong>ita,</strong></span> <span class='ocrx_word' id='word_1_555' title='bbox 1029 2600 1144 2661; x_wconf 86' lang='lat' dir='ltr'><strong>quoniam</strong></span> <span class='ocrx_word' id='word_1_556' title='bbox 1153 2613 1201 2650; x_wconf 91' lang='lat' dir='ltr'><strong>non</strong></span> <span class='ocrx_word' id='word_1_557' title='bbox 1211 2601 1270 2649; x_wconf 88' lang='lat' dir='ltr'><strong>mibi</strong></span> <span class='ocrx_word' id='word_1_558' title='bbox 1280 2602 1305 2650; x_wconf 91' lang='lat' dir='ltr'><strong>in</strong></span> <span class='ocrx_word' id='word_1_559' title='bbox 1314 2602 1392 2651; x_wconf 87' lang='lat' dir='ltr'><strong>oculis</strong></span> <span class='ocrx_word' id='word_1_560' title='bbox 1401 2601 1481 2653; x_wconf 89' lang='lat' dir='ltr'><strong>duleis</strong></span> <span class='ocrx_word' id='word_1_561' title='bbox 1491 2616 1591 2653; x_wconf 78' lang='lat' dir='ltr'><strong>mmnus</strong></span> 
     </span>
     <span class='ocr_line' id='line_1_82' title="bbox 906 2685 1635 2746; baseline 0.01 -12"><span class='ocrx_word' id='word_1_562' title='bbox 906 2685 1006 2746; x_wconf 80' lang='lat' dir='ltr'><strong>insidet,</strong></span> <span class='ocrx_word' id='word_1_563' title='bbox 1015 2686 1058 2736; x_wconf 88' lang='lat' dir='ltr'><strong>sed</strong></span> <span class='ocrx_word' id='word_1_564' title='bbox 1067 2692 1179 2738; x_wconf 73' lang='lat' dir='ltr'><strong>curseesl</strong></span> <span class='ocrx_word' id='word_1_565' title='bbox 1188 2687 1278 2738; x_wconf 78' lang='lat' dir='ltr'><strong>bedam</strong></span> <span class='ocrx_word' id='word_1_566' title='bbox 1287 2692 1312 2738; x_wconf 90' lang='lat' dir='ltr'><strong>et</strong></span> <span class='ocrx_word' id='word_1_567' title='bbox 1320 2689 1469 2739; x_wconf 82' lang='lat' dir='ltr'><strong>calamitates</strong></span> <span class='ocrx_word' id='word_1_568' title='bbox 1478 2691 1635 2741; x_wconf 82' lang='lat' dir='ltr'><strong>Achivorum.</strong></span> 
     </span>
     <span class='ocr_line' id='line_1_83' title="bbox 906 2772 1546 2838; baseline 0.008 -15"><span class='ocrx_word' id='word_1_569' title='bbox 906 2772 1068 2824; x_wconf 75' lang='lat' dir='ltr'><strong>veliementer</strong></span> <span class='ocrx_word' id='word_1_570' title='bbox 1077 2774 1142 2824; x_wconf 88' lang='lat' dir='ltr'><strong>enim</strong></span> <span class='ocrx_word' id='word_1_571' title='bbox 1151 2774 1278 2825; x_wconf 82' lang='lat' dir='ltr'><strong>debanais</strong></span> <span class='ocrx_word' id='word_1_572' title='bbox 1288 2775 1375 2838; x_wconf 90' lang='lat' dir='ltr'><strong>timeo,</strong></span> <span class='ocrx_word' id='word_1_573' title='bbox 1384 2789 1429 2827; x_wconf 90' lang='lat' dir='ltr'><strong>nec</strong></span> <span class='ocrx_word' id='word_1_574' title='bbox 1437 2778 1496 2827; x_wconf 85' lang='lat' dir='ltr'><strong>milri</strong></span> <span class='ocrx_word' id='word_1_575' title='bbox 1505 2791 1546 2828; x_wconf 91' lang='lat' dir='ltr'><strong>eor</strong></span> 
     </span>
     <span class='ocr_line' id='line_1_84' title="bbox 907 2861 1635 2922; baseline 0.01 -13"><span class='ocrx_word' id='word_1_576' title='bbox 907 2861 1015 2922; x_wconf 78' lang='lat' dir='ltr'><strong>firmum,</strong></span> <span class='ocrx_word' id='word_1_577' title='bbox 1024 2861 1067 2911; x_wconf 93' lang='lat' dir='ltr'><strong>sed</strong></span> <span class='ocrx_word' id='word_1_578' title='bbox 1076 2864 1331 2914; x_wconf 77' lang='lat' dir='ltr'><strong>mentesumattonita</strong></span> <span class='ocrx_word' id='word_1_579' title='bbox 1340 2878 1347 2913; x_wconf 75' lang='grc' dir='ltr'><strong>ε</strong></span> <span class='ocrx_word' id='word_1_580' title='bbox 1357 2877 1398 2914; x_wconf 83' lang='grc' dir='ltr'><strong>ουτ</strong></span> <span class='ocrx_word' id='word_1_581' title='bbox 1406 2869 1487 2914; x_wconf 68' lang='lat' dir='ltr'><strong>annm</strong></span> <span class='ocrx_word' id='word_1_582' title='bbox 1497 2866 1555 2915; x_wconf 87' lang='lat' dir='ltr'><strong>milii</strong></span> <span class='ocrx_word' id='word_1_583' title='bbox 1566 2871 1635 2916; x_wconf 84' lang='lat' dir='ltr'><strong>extra</strong></span> 
     </span>
     <span class='ocr_line' id='line_1_85' title="bbox 907 2952 1622 3017; baseline 0.006 -17"><span class='ocrx_word' id='word_1_584' title='bbox 907 2955 1003 3013; x_wconf 79' lang='lat' dir='ltr'><strong>pectem</strong></span> <span class='ocrx_word' id='word_1_585' title='bbox 1012 2952 1104 3013; x_wconf 86' lang='lat' dir='ltr'><strong>exsilit,</strong></span> <span class='ocrx_word' id='word_1_586' title='bbox 1114 2957 1267 3016; x_wconf 87' lang='lat' dir='ltr'><strong>tremuntque</strong></span> <span class='ocrx_word' id='word_1_587' title='bbox 1276 2953 1364 3004; x_wconf 88' lang='lat' dir='ltr'><strong>subtus</strong></span> <span class='ocrx_word' id='word_1_588' title='bbox 1373 2954 1499 3017; x_wconf 87' lang='lat' dir='ltr'><strong>splendida</strong></span> <span class='ocrx_word' id='word_1_589' title='bbox 1508 2955 1622 3004; x_wconf 87' lang='lat' dir='ltr'><strong>membra.</strong></span> 
     </span>
     <span class='ocr_line' id='line_1_86' title="bbox 908 3037 1688 3106; baseline 0.005 -19"><span class='ocrx_word' id='word_1_590' title='bbox 908 3037 1503 3104; x_wconf 64' lang='lat' dir='ltr'><strong>Sedsiquidagemmgimsquandoquidemnecte</strong></span> <span class='ocrx_word' id='word_1_591' title='bbox 1512 3043 1688 3106; x_wconf 84' lang='lat' dir='ltr'><strong>somnuscapit,</strong></span> 
     </span>
     <span class='ocr_line' id='line_1_87' title="bbox 907 3126 1495 3190; baseline 0.003 -13"><span class='ocrx_word' id='word_1_592' title='bbox 907 3126 989 3188; x_wconf 82' lang='lat' dir='ltr'><strong>agend</strong></span> <span class='ocrx_word' id='word_1_593' title='bbox 999 3127 1112 3178; x_wconf 83' lang='lat' dir='ltr'><strong>custodes</strong></span> <span class='ocrx_word' id='word_1_594' title='bbox 1120 3127 1308 3190; x_wconf 86' lang='lat' dir='ltr'><strong>descendamus,</strong></span> <span class='ocrx_word' id='word_1_595' title='bbox 1317 3134 1346 3178; x_wconf 92' lang='lat' dir='ltr'><strong>ut</strong></span> <span class='ocrx_word' id='word_1_596' title='bbox 1354 3128 1495 3190; x_wconf 79' lang='lat' dir='ltr'><strong>videamus,</strong></span> 
     </span>
     <span class='ocr_line' id='line_1_88' title="bbox 907 3215 1572 3279; baseline 0 -14"><span class='ocrx_word' id='word_1_597' title='bbox 907 3227 938 3265; x_wconf 90' lang='lat' dir='ltr'><strong>ne</strong></span> <span class='ocrx_word' id='word_1_598' title='bbox 947 3215 995 3277; x_wconf 90' lang='lat' dir='ltr'><strong>ilii,</strong></span> <span class='ocrx_word' id='word_1_599' title='bbox 1004 3215 1085 3265; x_wconf 88' lang='lat' dir='ltr'><strong>labore</strong></span> <span class='ocrx_word' id='word_1_600' title='bbox 1094 3215 1197 3277; x_wconf 79' lang='lat' dir='ltr'><strong>defessi,</strong></span> <span class='ocrx_word' id='word_1_601' title='bbox 1207 3221 1279 3279; x_wconf 85' lang='lat' dir='ltr'><strong>atque</strong></span> <span class='ocrx_word' id='word_1_602' title='bbox 1288 3217 1360 3266; x_wconf 88' lang='lat' dir='ltr'><strong>etiam</strong></span> <span class='ocrx_word' id='word_1_603' title='bbox 1370 3229 1455 3266; x_wconf 81' lang='lat' dir='ltr'><strong>murno</strong></span> <span class='ocrx_word' id='word_1_604' title='bbox 1464 3216 1572 3273; x_wconf 85' lang='lat' dir='ltr'><strong>domiti,</strong></span> 
     </span>
     <span class='ocr_line' id='line_1_89' title="bbox 907 3302 1520 3367; baseline 0 -14"><span class='ocrx_word' id='word_1_605' title='bbox 907 3302 1070 3364; x_wconf 88' lang='lat' dir='ltr'><strong>obdormiant,</strong></span> <span class='ocrx_word' id='word_1_606' title='bbox 1080 3307 1105 3353; x_wconf 90' lang='lat' dir='ltr'><strong>at</strong></span> <span class='ocrx_word' id='word_1_607' title='bbox 1113 3303 1269 3354; x_wconf 79' lang='lat' dir='ltr'><strong>excubiarum</strong></span> <span class='ocrx_word' id='word_1_608' title='bbox 1277 3317 1376 3367; x_wconf 87' lang='lat' dir='ltr'><strong>prorsus</strong></span> <span class='ocrx_word' id='word_1_609' title='bbox 1383 3304 1520 3354; x_wconf 84' lang='lat' dir='ltr'><strong>obliti-sint.</strong></span> 
     </span>
     <span class='ocr_line' id='line_1_90' title="bbox 908 3391 1487 3455; baseline 0.002 -14"><span class='ocrx_word' id='word_1_610' title='bbox 908 3391 992 3441; x_wconf 87' lang='lat' dir='ltr'><strong>iniesti</strong></span> <span class='ocrx_word' id='word_1_611' title='bbox 1002 3395 1084 3441; x_wconf 87' lang='lat' dir='ltr'><strong>autem</strong></span> <span class='ocrx_word' id='word_1_612' title='bbox 1092 3391 1139 3440; x_wconf 81' lang='lat' dir='ltr'><strong>viri</strong></span> <span class='ocrx_word' id='word_1_613' title='bbox 1148 3405 1223 3455; x_wconf 88' lang='lat' dir='ltr'><strong>prope</strong></span> <span class='ocrx_word' id='word_1_614' title='bbox 1231 3392 1331 3453; x_wconf 91' lang='lat' dir='ltr'><strong>sedent,</strong></span> <span class='ocrx_word' id='word_1_615' title='bbox 1342 3406 1386 3442; x_wconf 93' lang='lat' dir='ltr'><strong>nec</strong></span> <span class='ocrx_word' id='word_1_616' title='bbox 1395 3392 1487 3442; x_wconf 83' lang='lat' dir='ltr'><strong>seimus</strong></span> 
     </span>
     <span class='ocr_line' id='line_1_91' title="bbox 908 3479 1604 3543; baseline -0.003 -14"><span class='ocrx_word' id='word_1_617' title='bbox 908 3479 1009 3529; x_wconf 74' lang='lat' dir='ltr'><strong>anione</strong></span> <span class='ocrx_word' id='word_1_618' title='bbox 1019 3479 1090 3529; x_wconf 90' lang='lat' dir='ltr'><strong>eliam</strong></span> <span class='ocrx_word' id='word_1_619' title='bbox 1100 3483 1246 3543; x_wconf 87' lang='lat' dir='ltr'><strong>pernoctem</strong></span> <span class='ocrx_word' id='word_1_620' title='bbox 1255 3479 1604 3542; x_wconf 79' lang='lat' dir='ltr'><strong>inanimobabeantpugnare.</strong></span> 
     </span>
     <span class='ocr_line' id='line_1_92' title="bbox 940 3551 1643 3631; baseline -0.006 -13"><span class='ocrx_word' id='word_1_621' title='bbox 940 3567 1003 3618; x_wconf 82' lang='lat' dir='ltr'><strong>Hrric</strong></span> <span class='ocrx_word' id='word_1_622' title='bbox 1011 3572 1092 3617; x_wconf 88' lang='lat' dir='ltr'><strong>autem</strong></span> <span class='ocrx_word' id='word_1_623' title='bbox 1101 3551 1224 3631; x_wconf 84' lang='lat' dir='ltr'><strong>respondit</strong></span> <span class='ocrx_word' id='word_1_624' title='bbox 1233 3566 1320 3617; x_wconf 89' lang='lat' dir='ltr'><strong>deinde</strong></span> <span class='ocrx_word' id='word_1_625' title='bbox 1330 3567 1448 3617; x_wconf 82' lang='lat' dir='ltr'><strong>Gerenim</strong></span> <span class='ocrx_word' id='word_1_626' title='bbox 1457 3569 1643 3630; x_wconf 74' lang='lat' dir='ltr'><strong>equesitestor:</strong></span> 
     </span>
     <span class='ocr_line' id='line_1_93' title="bbox 909 3654 1527 3717; baseline -0.005 -12"><span class='ocrx_word' id='word_1_627' title='bbox 909 3655 993 3706; x_wconf 87' lang='lat' dir='ltr'><strong>Atrida</strong></span> <span class='ocrx_word' id='word_1_628' title='bbox 1002 3654 1188 3717; x_wconf 80' lang='lat' dir='ltr'><strong>augustissime,</strong></span> <span class='ocrx_word' id='word_1_629' title='bbox 1198 3668 1240 3704; x_wconf 88' lang='lat' dir='ltr'><strong>rex</strong></span> <span class='ocrx_word' id='word_1_630' title='bbox 1250 3654 1357 3703; x_wconf 81' lang='lat' dir='ltr'><strong>virorum</strong></span> <span class='ocrx_word' id='word_1_631' title='bbox 1367 3659 1527 3716; x_wconf 76' lang='lat' dir='ltr'><strong>Agamemno,</strong></span> 
     </span>
     <span class='ocr_line' id='line_1_94' title="bbox 909 3740 1564 3805; baseline -0.005 -12"><span class='ocrx_word' id='word_1_632' title='bbox 909 3757 957 3793; x_wconf 90' lang='lat' dir='ltr'><strong>non</strong></span> <span class='ocrx_word' id='word_1_633' title='bbox 966 3749 1031 3794; x_wconf 89' lang='lat' dir='ltr'><strong>certe</strong></span> <span class='ocrx_word' id='word_1_634' title='bbox 1040 3744 1134 3794; x_wconf 83' lang='lat' dir='ltr'><strong>Hectori</strong></span> <span class='ocrx_word' id='word_1_635' title='bbox 1145 3743 1225 3793; x_wconf 89' lang='lat' dir='ltr'><strong>omnia</strong></span> <span class='ocrx_word' id='word_1_636' title='bbox 1233 3741 1336 3804; x_wconf 77' lang='lat' dir='ltr'><strong>cogitata</strong></span> <span class='ocrx_word' id='word_1_637' title='bbox 1345 3740 1461 3804; x_wconf 80' lang='lat' dir='ltr'><strong>prouidus</strong></span> <span class='ocrx_word' id='word_1_638' title='bbox 1470 3741 1564 3805; x_wconf 87' lang='lat' dir='ltr'><strong>tupiter</strong></span> 
     </span>
     <span class='ocr_line' id='line_1_95' title="bbox 910 3828 1521 3895; baseline -0.005 -14"><span class='ocrx_word' id='word_1_639' title='bbox 910 3832 1029 3895; x_wconf 80' lang='lat' dir='ltr'><strong>perficiet,</strong></span> <span class='ocrx_word' id='word_1_640' title='bbox 1037 3836 1129 3895; x_wconf 87' lang='lat' dir='ltr'><strong>quanta</strong></span> <span class='ocrx_word' id='word_1_641' title='bbox 1139 3830 1188 3883; x_wconf 87' lang='lat' dir='ltr'><strong>iere</strong></span> <span class='ocrx_word' id='word_1_642' title='bbox 1198 3833 1278 3893; x_wconf 85' lang='lat' dir='ltr'><strong>sperat</strong></span> <span class='ocrx_word' id='word_1_643' title='bbox 1288 3845 1294 3877; x_wconf 90' lang='lat'>:</span> <span class='ocrx_word' id='word_1_644' title='bbox 1306 3829 1350 3879; x_wconf 91' lang='lat' dir='ltr'><strong>sed</strong></span> <span class='ocrx_word' id='word_1_645' title='bbox 1358 3829 1439 3892; x_wconf 89' lang='lat' dir='ltr'><strong>ipsum</strong></span> <span class='ocrx_word' id='word_1_646' title='bbox 1448 3828 1521 3878; x_wconf 86' lang='lat' dir='ltr'><strong>eredo</strong></span> 
     </span>
     <span class='ocr_line' id='line_1_96' title="bbox 909 3915 1580 3979; baseline -0.007 -10"><span class='ocrx_word' id='word_1_647' title='bbox 909 3918 1229 3970; x_wconf 84' lang='lat' dir='ltr'><strong>cnrisiaboraturumetiam</strong></span> <span class='ocrx_word' id='word_1_648' title='bbox 1239 3917 1364 3979; x_wconf 89' lang='lat' dir='ltr'><strong>pluribus,</strong></span> <span class='ocrx_word' id='word_1_649' title='bbox 1374 3915 1580 3967; x_wconf 83' lang='lat' dir='ltr'><strong>siinrteitcbilles</strong></span> 
     </span>
     <span class='ocr_line' id='line_1_97' title="bbox 910 4006 1353 4070; baseline -0.011 -13"><span class='ocrx_word' id='word_1_650' title='bbox 910 4008 940 4057; x_wconf 87' lang='lat' dir='ltr'><strong>ab</strong></span> <span class='ocrx_word' id='word_1_651' title='bbox 950 4008 985 4056; x_wconf 88' lang='lat' dir='ltr'><strong>ira</strong></span> <span class='ocrx_word' id='word_1_652' title='bbox 994 4007 1060 4070; x_wconf 80' lang='lat' dir='ltr'><strong>graui</strong></span> <span class='ocrx_word' id='word_1_653' title='bbox 1070 4006 1215 4057; x_wconf 82' lang='lat' dir='ltr'><strong>converterit</strong></span> <span class='ocrx_word' id='word_1_654' title='bbox 1224 4018 1295 4054; x_wconf 91' lang='lat' dir='ltr'><strong>suum</strong></span> <span class='ocrx_word' id='word_1_655' title='bbox 1304 4018 1353 4053; x_wconf 91' lang='lat' dir='ltr'><strong>cor.</strong></span> 
     </span>
     <span class='ocr_line' id='line_1_98' title="bbox 910 4088 1687 4157; baseline -0.012 -11"><span class='ocrx_word' id='word_1_656' title='bbox 910 4099 944 4146; x_wconf 85' lang='lat' dir='ltr'><strong>Te</strong></span> <span class='ocrx_word' id='word_1_657' title='bbox 953 4109 1012 4145; x_wconf 84' lang='lat' dir='ltr'><strong>vero</strong></span> <span class='ocrx_word' id='word_1_658' title='bbox 1021 4094 1124 4145; x_wconf 79' lang='lat' dir='ltr'><strong>maxime</strong></span> <span class='ocrx_word' id='word_1_659' title='bbox 1132 4107 1218 4157; x_wconf 81' lang='lat' dir='ltr'><strong>aequm</strong></span> <span class='ocrx_word' id='word_1_660' title='bbox 1224 4105 1268 4155; x_wconf 76' lang='lat' dir='ltr'><strong>ego</strong></span> <span class='ocrx_word' id='word_1_661' title='bbox 1276 4107 1282 4141; x_wconf 91' lang='lat'>:</span> <span class='ocrx_word' id='word_1_662' title='bbox 1290 4091 1466 4155; x_wconf 86' lang='lat' dir='ltr'><strong>insuperetiam</strong></span> <span class='ocrx_word' id='word_1_663' title='bbox 1472 4088 1687 4149; x_wconf 80' lang='lat' dir='ltr'><strong>excitemusalios,</strong></span> 
     </span>
     <span class='ocr_line' id='line_1_99' title="bbox 910 4179 1438 4245; baseline -0.009 -13"><span class='ocrx_word' id='word_1_664' title='bbox 910 4187 935 4233; x_wconf 90' lang='lat' dir='ltr'><strong>et</strong></span> <span class='ocrx_word' id='word_1_665' title='bbox 944 4181 1053 4245; x_wconf 80' lang='lat' dir='ltr'><strong>Tydiden</strong></span> <span class='ocrx_word' id='word_1_666' title='bbox 1062 4180 1270 4244; x_wconf 83' lang='lat' dir='ltr'><strong>basta-inclytum,</strong></span> <span class='ocrx_word' id='word_1_667' title='bbox 1278 4184 1304 4229; x_wconf 91' lang='lat' dir='ltr'><strong>et</strong></span> <span class='ocrx_word' id='word_1_668' title='bbox 1312 4179 1438 4241; x_wconf 85' lang='lat' dir='ltr'><strong>Ulyssem,</strong></span> 
     </span>
     <span class='ocr_line' id='line_1_100' title="bbox 910 4264 1564 4333; baseline -0.011 -12"><span class='ocrx_word' id='word_1_669' title='bbox 910 4276 936 4321; x_wconf 92' lang='lat' dir='ltr'><strong>et</strong></span> <span class='ocrx_word' id='word_1_670' title='bbox 944 4271 1040 4333; x_wconf 58' lang='lat' dir='ltr'><strong>Manem</strong></span> <span class='ocrx_word' id='word_1_671' title='bbox 1052 4270 1118 4320; x_wconf 81' lang='lat' dir='ltr'><strong>Oilei</strong></span> <span class='ocrx_word' id='word_1_672' title='bbox 1129 4269 1249 4331; x_wconf 80' lang='lat' dir='ltr'><strong>velocem,</strong></span> <span class='ocrx_word' id='word_1_673' title='bbox 1258 4273 1284 4317; x_wconf 90' lang='lat' dir='ltr'><strong>et</strong></span> <span class='ocrx_word' id='word_1_674' title='bbox 1292 4267 1376 4330; x_wconf 81' lang='lat' dir='ltr'><strong>Phylei</strong></span> <span class='ocrx_word' id='word_1_675' title='bbox 1385 4266 1471 4316; x_wconf 83' lang='lat' dir='ltr'><strong>fertem</strong></span> <span class='ocrx_word' id='word_1_676' title='bbox 1479 4264 1564 4315; x_wconf 77' lang='lat' dir='ltr'><strong>finum,</strong></span> 
     </span>
     <span class='ocr_line' id='line_1_101' title="bbox 911 4349 1531 4420; baseline -0.01 -12"><span class='ocrx_word' id='word_1_677' title='bbox 911 4359 975 4417; x_wconf 90' lang='lat' dir='ltr'><strong>Quin</strong></span> <span class='ocrx_word' id='word_1_678' title='bbox 985 4359 1006 4407; x_wconf 91' lang='lat' dir='ltr'><strong>si</strong></span> <span class='ocrx_word' id='word_1_679' title='bbox 1014 4358 1070 4420; x_wconf 89' lang='lat' dir='ltr'><strong>quis</strong></span> <span class='ocrx_word' id='word_1_680' title='bbox 1079 4362 1104 4407; x_wconf 91' lang='lat' dir='ltr'><strong>et</strong></span> <span class='ocrx_word' id='word_1_681' title='bbox 1113 4357 1187 4407; x_wconf 78' lang='lat' dir='ltr'><strong>bosra</strong></span> <span class='ocrx_word' id='word_1_682' title='bbox 1196 4356 1280 4406; x_wconf 88' lang='lat' dir='ltr'><strong>adiens</strong></span> <span class='ocrx_word' id='word_1_683' title='bbox 1291 4357 1402 4415; x_wconf 82' lang='lat' dir='ltr'><strong>roraret,</strong></span> <span class='ocrx_word' id='word_1_684' title='bbox 1523 4349 1531 4358; x_wconf 94' lang='grc'><em>“</em></span> 
     </span>
     <span class='ocr_line' id='line_1_102' title="bbox 911 4437 1686 4511; baseline -0.012 -15"><span class='ocrx_word' id='word_1_685' title='bbox 911 4446 1096 4511; x_wconf 78' lang='lat' dir='ltr'><strong>paremquedeo</strong></span> <span class='ocrx_word' id='word_1_686' title='bbox 1105 4445 1201 4507; x_wconf 78' lang='lat' dir='ltr'><strong>Aiacem</strong></span> <span class='ocrx_word' id='word_1_687' title='bbox 1212 4443 1391 4493; x_wconf 80' lang='lat' dir='ltr'><strong>Telansontum</strong></span> <span class='ocrx_word' id='word_1_688' title='bbox 1397 4445 1421 4491; x_wconf 91' lang='lat' dir='ltr'><strong>et</strong></span> <span class='ocrx_word' id='word_1_689' title='bbox 1429 4440 1584 4491; x_wconf 87' lang='lat' dir='ltr'><strong>idomeneum</strong></span> <span class='ocrx_word' id='word_1_690' title='bbox 1591 4451 1670 4500; x_wconf 75' lang='lat' dir='ltr'><strong>regem</strong></span> <span class='ocrx_word' id='word_1_691' title='bbox 1679 4437 1686 4486; x_wconf 81' lang='lat' dir='ltr'><strong>l</strong></span> 
     </span>
     <span class='ocr_line' id='line_1_103' title="bbox 912 4527 1633 4593; baseline -0.012 -9"><span class='ocrx_word' id='word_1_692' title='bbox 912 4536 999 4584; x_wconf 88' lang='lat' dir='ltr'><strong>borum</strong></span> <span class='ocrx_word' id='word_1_693' title='bbox 1007 4533 1071 4584; x_wconf 78' lang='lat' dir='ltr'><strong>mim</strong></span> <span class='ocrx_word' id='word_1_694' title='bbox 1081 4545 1155 4582; x_wconf 83' lang='lat' dir='ltr'><strong>nares</strong></span> <span class='ocrx_word' id='word_1_695' title='bbox 1163 4531 1252 4581; x_wconf 84' lang='lat' dir='ltr'><strong>alrsnnt</strong></span> <span class='ocrx_word' id='word_1_696' title='bbox 1260 4529 1411 4593; x_wconf 81' lang='lat' dir='ltr'><strong>longissime,</strong></span> <span class='ocrx_word' id='word_1_697' title='bbox 1421 4542 1465 4578; x_wconf 89' lang='lat' dir='ltr'><strong>nec</strong></span> <span class='ocrx_word' id='word_1_698' title='bbox 1473 4527 1544 4577; x_wconf 85' lang='lat' dir='ltr'><strong>vaide</strong></span> <span class='ocrx_word' id='word_1_699' title='bbox 1552 4539 1633 4590; x_wconf 88' lang='lat' dir='ltr'><strong>prope.</strong></span> 
     </span>
     <span class='ocr_line' id='line_1_104' title="bbox 912 4616 1537 4683; baseline -0.014 -11"><span class='ocrx_word' id='word_1_700' title='bbox 912 4626 943 4672; x_wconf 88' lang='lat' dir='ltr'><strong>At</strong></span> <span class='ocrx_word' id='word_1_701' title='bbox 952 4634 1024 4671; x_wconf 86' lang='lat' dir='ltr'><strong>carus</strong></span> <span class='ocrx_word' id='word_1_702' title='bbox 1032 4620 1144 4683; x_wconf 77' lang='lat' dir='ltr'><strong>quamvis</strong></span> <span class='ocrx_word' id='word_1_703' title='bbox 1153 4620 1185 4669; x_wconf 89' lang='lat' dir='ltr'><strong>sit</strong></span> <span class='ocrx_word' id='word_1_704' title='bbox 1193 4624 1219 4670; x_wconf 91' lang='lat' dir='ltr'><strong>et</strong></span> <span class='ocrx_word' id='word_1_705' title='bbox 1226 4617 1392 4678; x_wconf 78' lang='lat' dir='ltr'><strong>venerandus,</strong></span> <span class='ocrx_word' id='word_1_706' title='bbox 1402 4616 1537 4667; x_wconf 86' lang='lat' dir='ltr'><strong>Menelaum</strong></span> 
     </span>
     <span class='ocr_line' id='line_1_105' title="bbox 912 4702 1561 4772; baseline -0.014 -13"><span class='ocrx_word' id='word_1_707' title='bbox 912 4709 1043 4772; x_wconf 77' lang='lat' dir='ltr'><strong>objurgabo</strong></span> <span class='ocrx_word' id='word_1_708' title='bbox 1054 4709 1156 4770; x_wconf 88' lang='lat' dir='ltr'><strong>(etiamsi</strong></span> <span class='ocrx_word' id='word_1_709' title='bbox 1165 4706 1224 4757; x_wconf 85' lang='lat' dir='ltr'><strong>milii</strong></span> <span class='ocrx_word' id='word_1_710' title='bbox 1235 4705 1401 4766; x_wconf 82' lang='lat' dir='ltr'><strong>succenseas),</strong></span> <span class='ocrx_word' id='word_1_711' title='bbox 1410 4717 1455 4754; x_wconf 91' lang='lat' dir='ltr'><strong>nec</strong></span> <span class='ocrx_word' id='word_1_712' title='bbox 1464 4702 1561 4761; x_wconf 90' lang='lat' dir='ltr'><strong>ceiabo;</strong></span> 
     </span>
     <span class='ocr_line' id='line_1_106' title="bbox 912 4789 1573 4860; baseline -0.015 -14"><span class='ocrx_word' id='word_1_713' title='bbox 912 4797 1069 4860; x_wconf 86' lang='lat' dir='ltr'><strong>quoniam-ita</strong></span> <span class='ocrx_word' id='word_1_714' title='bbox 1078 4795 1178 4855; x_wconf 89' lang='lat' dir='ltr'><strong>dormit,</strong></span> <span class='ocrx_word' id='word_1_715' title='bbox 1189 4795 1280 4858; x_wconf 90' lang='lat' dir='ltr'><strong>tibique</strong></span> <span class='ocrx_word' id='word_1_716' title='bbox 1289 4793 1333 4843; x_wconf 90' lang='lat' dir='ltr'><strong>seii</strong></span> <span class='ocrx_word' id='word_1_717' title='bbox 1343 4791 1450 4855; x_wconf 89' lang='lat' dir='ltr'><strong>permisit</strong></span> <span class='ocrx_word' id='word_1_718' title='bbox 1459 4789 1573 4838; x_wconf 76' lang='lat' dir='ltr'><strong>lalrorare.</strong></span> 
     </span>
     <span class='ocr_line' id='line_1_107' title="bbox 913 4878 1515 4945; baseline -0.013 -11"><span class='ocrx_word' id='word_1_719' title='bbox 913 4888 981 4935; x_wconf 80' lang='lat' dir='ltr'><strong>Nurac</strong></span> <span class='ocrx_word' id='word_1_720' title='bbox 990 4883 1092 4933; x_wconf 88' lang='lat' dir='ltr'><strong>debebat</strong></span> <span class='ocrx_word' id='word_1_721' title='bbox 1101 4882 1165 4945; x_wconf 91' lang='lat' dir='ltr'><strong>apud</strong></span> <span class='ocrx_word' id='word_1_722' title='bbox 1174 4895 1259 4932; x_wconf 84' lang='lat' dir='ltr'><strong>ornnes</strong></span> <span class='ocrx_word' id='word_1_723' title='bbox 1268 4881 1386 4944; x_wconf 88' lang='lat' dir='ltr'><strong>principes</strong></span> <span class='ocrx_word' id='word_1_724' title='bbox 1395 4878 1515 4936; x_wconf 85' lang='lat' dir='ltr'><strong>laborare,</strong></span> 
     </span>
     <span class='ocr_line' id='line_1_108' title="bbox 913 4960 1696 5035; baseline -0.014 -13"><span class='ocrx_word' id='word_1_725' title='bbox 913 4971 1131 5035; x_wconf 84' lang='lat' dir='ltr'><strong>suppliciterorans</strong></span> <span class='ocrx_word' id='word_1_726' title='bbox 1140 4970 1287 5019; x_wconf 85' lang='lat' dir='ltr'><strong>:necessitas</strong></span> <span class='ocrx_word' id='word_1_727' title='bbox 1295 4967 1358 5017; x_wconf 90' lang='lat' dir='ltr'><strong>enim</strong></span> <span class='ocrx_word' id='word_1_728' title='bbox 1369 4968 1437 5028; x_wconf 79' lang='lat' dir='ltr'><strong>urget</strong></span> <span class='ocrx_word' id='word_1_729' title='bbox 1445 4963 1550 5025; x_wconf 76' lang='lat' dir='ltr'><strong>non-iam</strong></span> <span class='ocrx_word' id='word_1_730' title='bbox 1559 4960 1696 5012; x_wconf 79' lang='lat' dir='ltr'><strong>tolerabilis.</strong></span> 
     </span>
     <span class='ocr_line' id='line_1_109' title="bbox 945 5052 1696 5112; baseline -0.015 -3"><span class='ocrx_word' id='word_1_731' title='bbox 945 5062 1103 5109; x_wconf 84' lang='lat' dir='ltr'><strong>Hnncautem</strong></span> <span class='ocrx_word' id='word_1_732' title='bbox 1111 5070 1195 5107; x_wconf 87' lang='lat' dir='ltr'><strong>rursus</strong></span> <span class='ocrx_word' id='word_1_733' title='bbox 1202 5056 1416 5105; x_wconf 72' lang='lat' dir='ltr'><strong>allocutusestrex</strong></span> <span class='ocrx_word' id='word_1_734' title='bbox 1424 5052 1531 5101; x_wconf 81' lang='lat' dir='ltr'><strong>rirnruni</strong></span> <span class='ocrx_word' id='word_1_735' title='bbox 1537 5056 1696 5112; x_wconf 78' lang='lat' dir='ltr'><strong>Agamensnn:</strong></span> 
     </span>
     <span class='ocr_line' id='line_1_110' title="bbox 913 5137 1646 5208; baseline -0.015 -11"><span class='ocrx_word' id='word_1_736' title='bbox 913 5160 1026 5208; x_wconf 81' lang='lat' dir='ltr'><strong>osenex,</strong></span> <span class='ocrx_word' id='word_1_737' title='bbox 1036 5146 1094 5196; x_wconf 90' lang='lat' dir='ltr'><strong>alias</strong></span> <span class='ocrx_word' id='word_1_738' title='bbox 1103 5145 1201 5208; x_wconf 86' lang='lat' dir='ltr'><strong>quidem</strong></span> <span class='ocrx_word' id='word_1_739' title='bbox 1212 5149 1235 5193; x_wconf 93' lang='lat' dir='ltr'><strong>te</strong></span> <span class='ocrx_word' id='word_1_740' title='bbox 1244 5155 1302 5193; x_wconf 87' lang='lat' dir='ltr'><strong>eum</strong></span> <span class='ocrx_word' id='word_1_741' title='bbox 1311 5142 1382 5191; x_wconf 85' lang='lat' dir='ltr'><strong>etimn</strong></span> <span class='ocrx_word' id='word_1_742' title='bbox 1392 5151 1505 5190; x_wconf 88' lang='lat' dir='ltr'><strong>accusare</strong></span> <span class='ocrx_word' id='word_1_743' title='bbox 1514 5137 1627 5190; x_wconf 84' lang='lat' dir='ltr'><strong>norunar</strong></span> <span class='ocrx_word' id='word_1_744' title='bbox 1639 5151 1646 5186; x_wconf 74' lang='grc' dir='ltr'><strong>ε</strong></span> 
     </span>
     <span class='ocr_line' id='line_1_111' title="bbox 914 5228 1491 5299; baseline -0.017 -13"><span class='ocrx_word' id='word_1_745' title='bbox 914 5248 980 5299; x_wconf 76' lang='lat' dir='ltr'><strong>sape</strong></span> <span class='ocrx_word' id='word_1_746' title='bbox 990 5234 1053 5285; x_wconf 90' lang='lat' dir='ltr'><strong>enim</strong></span> <span class='ocrx_word' id='word_1_747' title='bbox 1062 5233 1208 5296; x_wconf 84' lang='lat' dir='ltr'><strong>remittitque</strong></span> <span class='ocrx_word' id='word_1_748' title='bbox 1217 5237 1242 5282; x_wconf 90' lang='lat' dir='ltr'><strong>et</strong></span> <span class='ocrx_word' id='word_1_749' title='bbox 1250 5244 1299 5281; x_wconf 89' lang='lat' dir='ltr'><strong>non</strong></span> <span class='ocrx_word' id='word_1_750' title='bbox 1308 5229 1361 5280; x_wconf 88' lang='lat' dir='ltr'><strong>ruit</strong></span> <span class='ocrx_word' id='word_1_751' title='bbox 1371 5228 1491 5288; x_wconf 88' lang='lat' dir='ltr'><strong>laborare,</strong></span> 
     </span>
    </p>
   </div>
   <div class='ocr_carea' id='block_1_9' title="bbox 0 0 1943 5900">
    <p class='ocr_par' dir='ltr' id='par_1_27' title="bbox 0 0 1943 5900">
     <span class='ocr_line' id='line_1_112' title="bbox 0 0 1943 5900; baseline 0 0"><span class='ocrx_word' id='word_1_752' title='bbox 0 0 1943 5900; x_wconf 95' lang='lat' dir='ltr'><strong> </strong></span> 
     </span>
    </p>
   </div>
  </div>
 </body>
</html>
