3850 5900
361 348 544 411 tulluox
570 355 601 411 Δ.

142 472 214 539 Teios
222 468 268 541 ίην
276 468 375 538 Τυδεύς
384 469 518 540 Αἰτώλιος
529 472 598 532 ἀλλά
605 470 650 531 τδν
659 471 713 532 υίδν

97 574 133 614 tut
143 552 241 634 γείνατο
249 547 287 614 ε’ίο
294 554 379 639 χόρηα
390 556 480 638 μάχῃ,
491 562 572 641 ἀγορῇ
583 558 611 618 δι’
619 561 642 618 τ’
653 559 760 637 ἀμείνω.

177 638 225 708 Ὦς
234 640 309 724 φότο·
319 642 364 703 τὀν
374 645 397 704 δ’
407 643 464 704 ούτι
472 645 585 728 προςίφη
591 646 715 730 κρατερὸς
721 648 864 727 Διομήδης,

142 729 262 798 αἰδεσθεὶς
273 733 399 811 βασιλῆος
408 729 499 804 ἐνιπήν
508 731 624 792 αἰδοίοιο.

142 815 222 875 Tiri
233 816 285 884 υίδς
294 821 441 890 Καπανῆος
452 818 582 900 ἀμείψατο
590 817 754 898 κυδαλίμοιο·

177 901 307 986 Ἀτρείδη,
317 903 355 983 μὴ
365 903 463 988 ψεύδε’,
474 905 645 986 ἐπιστάμενος
654 906 726 990 σόφα
736 911 826 967 εἰπεῖν.

94 1008 131 1050 tut
142 988 230 1068 Ἡμεῖς
237 1015 278 1051 τοι
287 991 410 1076 πατέρων
419 992 478 1073 μέγ’
490 992 621 1072 ἀμείνονες
630 993 751 1074 εὐχόμεθ’
762 987 836 1055 εἶναι·

140 1079 730 1159 ήμεῑςκαὶθήόηςῖδοςείλομενίπταπύλοιο,
762 1140 766 1145 ,

139 1165 294 1250 παυρότερον
301 1166 367 1227 λαὀν
377 1166 499 1249 ἀγαγόνθ’
509 1168 561 1228 ύπδ
569 1178 656 1250 τεῖχος
663 1165 773 1253 Ἀρειον,

138 1252 281 1332 πειθόμενοι
290 1254 413 1338 τεράεσσι
423 1261 487 1315 θεῶν
497 1254 543 1314 καί
551 1256 634 1328 Ζηνὸς
643 1259 744 1339 ἀρωγῇ·

139 1348 214 1400 κεῖνοι
223 1339 251 1401 lt
261 1343 417 1426 σφετέρῃσιν
426 1342 615 1421 ἀτασθαλίῃσιν
624 1344 723 1405 ὄλοντο.

90 1447 128 1488 tre
138 1431 183 1511 Τῷ
191 1429 230 1507 μή
240 1453 285 1508 μοι
292 1429 410 1513 πατέρας
417 1432 476 1491 ποθ’
486 1430 563 1511 ὁμοίῃ
574 1429 644 1491 ἔνθεο
652 1436 726 1512 τιμῇ.

173 1516 229 1577 Tin
238 1518 261 1575 δ’
272 1517 313 1600 ἀρ’
323 1517 425 1601 ὑπόδρα
435 1516 497 1578 ίδῶν
505 1516 619 1601 προςίφη
629 1518 752 1602 κρατερδς
762 1518 863 1598 Διομή-

137 1598 465 1688 τίττα,σιωπῆήσο,ἐμῷ
474 1606 496 1664 δ’
506 1605 638 1666 ἐπιπείθεο
648 1604 730 1688 μύθῳ.
795 1608 861 1686 [dne

138 1694 177 1753 Ού
186 1690 238 1774 γάρ
247 1691 300 1779 ipo}
308 1697 411 1772 νεμεσῶ
420 1692 607 1773 Ἀγαμέμνονι,
616 1693 720 1772 ποιμένι
728 1696 809 1767 λαῶν,

137 1777 265 1863 ὀτρύνοντι
276 1779 409 1861 μάχεσθαι
417 1779 575 1859 ἐϋκνήμιδας
584 1777 711 1859 Ἀχαιούς.

87 1887 125 1926 trs
136 1865 227 1950 Ταύτην
238 1867 286 1946 μὲν
295 1868 347 1950 γθρ
355 1869 431 1934 κῦδος
441 1866 487 1944 ἀμ’
497 1866 602 1975 ἔφεται,
612 1866 689 1925 εἶκεν
698 1865 798 1947 Ἀχαιοί

137 1957 229 2036 Τρῶας
238 1953 374 2069 δῃόρσωσιν
383 1952 501 2014 ίλωοίτε
522 1956 590 2014 Ιλιον
599 1952 666 2035 ἱρήν·

134 2039 788 2212 λ’κὛήῖίιίλίῶώίώῖἷάώίέίάίίίε

172 2207 212 2278 Ἦ
223 2222 271 2300 ῥα,
280 2215 326 2276 καί
335 2215 363 2286 ἐξ
371 2216 454 2297 ὀχέων
464 2215 511 2276 σὺν
520 2219 640 2297 τεύχεσιν
650 2205 714 2275 diro
721 2218 835 2295 χαμᾶζε·

87 2326 125 2367 tm
136 2303 216 2364 δεινδν
225 2305 249 2364 δ’
259 2303 357 2386 ἕθραχε
364 2302 465 2384 χαλκὸς
474 2303 517 2363 ὀπί
526 2303 664 2375 στήθεσσιν
674 2301 783 2369 ἄνακτος

134 2390 282 2476 ὀρνυμένου·
294 2389 346 2451 inl
354 2413 400 2451 κεν
408 2389 586 2473 ταλασίφρονά
594 2412 644 2472 περ
654 2388 709 2457 δέος
718 2381 794 2449 εἷλεν.

172 2478 251 2546 ‘ssed'
262 2476 300 2538 ὅτ’
311 2482 338 2538 ἐν
347 2479 460 2560 αἰγιαλῷ
469 2475 600 2557 πολυηχέϊ
607 2482 680 2555 κῦμα
689 2475 822 2550 θαλάσσης

133 2564 217 2648 ὄρνυτ’
226 2563 414 2646 ἐπασσύτερον,
424 2561 541 2647 Ζεφύρου
550 2562 762 2635 θποκινήσαντος·

133 2649 221 2734 πόντῳ
230 2652 280 2730 μὶν
287 2649 322 2710 ad
329 2654 422 2734 πρῶτα
431 2648 604 2733 κορύσσεται,
612 2645 695 2729 αότδρ
704 2645 795 2706 ἔπειτα

83 2760 121 2800 ⁴2⁶
131 2738 220 2823 κίειν
230 2736 375 2823 litium
386 2735 490 2818 striis
501 2734 607 2819 inim,
617 2733 684 2816 ἀντὶ
693 2733 721 2792 δέ
730 2735 753 2792 τ’
764 2732 846 2817 ies<

133 2826 227 2910 κυρτδν
237 2825 279 2886 ibn
287 2831 459 2909 κορυφοῦται,
469 2820 597 2883 ἀποπτύει
607 2823 630 2881 δ’
641 2820 702 2888 ἃλδς
711 2820 802 2901 ἄχνην·

130 2912 230 2984 ῶςτύτ’
240 2914 419 2996 ἐπασσύτεραι
427 2916 539 2974 Δαναῶν
547 2910 650 2972 κίνυντο
659 2909 792 2993 φάλαγγες

130 3002 270 3082 νωλεμέως
276 3000 431 3080 πόλεμόνδε.
441 2999 541 3062 Kitios
550 3002 578 3060 δὲ
587 2991 654 3060 οἶσιν
664 2997 794 3066 ίκαστοςΑ

130 3089 277 3172 ήγιμόνων
287 3094 312 3150 οἱ
321 3091 343 3149 δ’
353 3089 429 3149 ἄλλοι
438 3087 505 3160 ἀκὴν
514 3089 574 3147 ίσαν
585 3084 697 3165 (ούδίκε
706 3085 784 3169 φαίης

80 3200 119 3239 sto
128 3178 225 3240 τόσσον
232 3178 298 3238 λαδν
307 3176 416 3237 ἔπεσθαι
425 3175 508 3258 ἔχοντ’
519 3179 546 3236 ἀν
555 3175 677 3247 στήθεσιν
687 3172 800 3253 αὐδὴν),

130 3271 193 3347 σιγῇ
203 3262 326 3332 δειδιότες
335 3262 510 3345 σημάντορας·
522 3263 590 3346 ἀμφὶ
600 3260 627 3322 δὲ
636 3272 717 3321 πᾶσιν

127 3353 228 3434 wigen
236 3352 333 3412 ποικίλ’
344 3348 611 3430 supreminentem
621 3347 784 3429 ἐστιχόωντο.

129 3445 224 3525 Τρῶες
234 3442 268 3514 δ’,
278 3438 335 3507 ὥστ’
344 3438 396 3506 diae
403 3438 587 3518 πολυπάμονος
596 3435 687 3518 ἀνδρὸς
695 3439 723 3495 ἐν
732 3437 801 3517 αύλῇ

131 3529 227 3612 μυρίαι
236 3527 379 3600 ίοτήκασιν
389 3525 571 3607 ἀμελγόμεναι
580 3524 650 3606 γόλα
658 3522 761 3597 λευκδν,

77 3637 117 3677 tas
130 3618 230 3697 ἀζηχὲς
239 3622 401 3695 μεμακυῖαι,
411 3612 554 3674 ἀκούουσαι
562 3613 616 3673 ἀπα
627 3615 720 3694 ἀρνῶν·

126 3706 165 3773 ῶς
172 3703 278 3787 Τρώων
287 3702 417 3775 ἀλαλητδς
425 3700 476 3762 isi
485 3700 597 3784 στρατθν
607 3702 634 3759 εύ
652 3698 682 3757 δν
692 3696 792 3781 ὀρώρει.
831 3697 835 3708 ’

127 3795 170 3855 Οὐ
180 3790 236 3873 γὰρ
243 3789 350 3850 πάντων
359 3781 405 3861 ήεν
414 3788 477 3867 epi<
486 3787 558 3872 θρόος
566 3788 620 3847 οόδ’
629 3724 658 3845 ίίι
667 3791 761 3869 γῆρυς,

125 3878 199 3940 ἀλλά
207 3880 307 3959 γλῶασ’
317 3865 451 3956 ὀμίμικτο·
461 3876 622 3948 πολύκλητοι
631 3876 654 3934 δ’
665 3873 728 3933 ἀσαν
738 3873 834 3955 ἀνδρες.

126 3960 215 4050 Ὧραι
226 3964 323 4032 diceba
332 3963 380 4044 μδν
389 3962 477 4047 Ἄρης,
486 3963 546 4031 τοὺς
555 3964 583 4022 δὲ
592 3965 743 4042 γλαυκῶπις
751 3959 859 4035 Ἀθήνη,

75 4077 113 4116 eto
124 4054 228 4135 Δεῖμός
235 4056 259 4113 τ’
268 4052 316 4126 ἠδὲ
326 4051 415 4120 mtto
423 4052 470 4112 καί
478 4049 568 4133 Ἔρις,
579 4049 676 4128 ἀματον
687 4057 819 4128 μεμαυῖα,

123 4141 219 4226 Ἄρεος
228 4139 394 4224 ἀνδροφόνοιο
402 4137 548 4219 κασιγνήτη
558 4135 638 4219 λτάρη
647 4160 686 4195 τε·

123 4231 170 4303 ἦτ’
179 4230 260 4309 ἀλίγη
271 4227 319 4308 pir
327 4232 420 4311 πρῶτα
429 4227 599 4308 κορύσσεται,
612 4222 695 4306 αύτάρ
705 4221 795 4283 ἔπειτα

124 4322 234 4403 οὐρανῷ
242 4316 361 4400 ἀστήριξε
369 4315 453 4397 κόρη,
464 4314 510 4374 καί
519 4314 563 4373 ὀπί
571 4312 645 4393 χθονὶ
655 4310 749 4392 βαίνει.

123 4404 168 4468 Ἥ
175 4428 242 4488 σφιν
249 4404 297 4464 καί
304 4402 364 4464 τότε
373 4412 455 4470 νεῖκος
464 4400 563 4480 ὁμοίϊον
573 4399 674 4479 ἔμόαλε
684 4399 788 4479 μέσσῳ,

73 4513 111 4551 ras
124 4493 260 4577 ἐρχομένῃ
269 4494 330 4552 καθ’
340 4492 439 4571 ὅμιλον,
450 4489 596 4573 ὀφέλλουσα
606 4485 695 4547 στόνον
705 4488 812 4569 ἀνδρῶν.

167 4584 205 4641 Ol
216 4581 240 4638 δ’
248 4577 294 4638 ὅτε
304 4577 338 4650 δή
349 4580 370 4660 ρ’
381 4581 502 4658 ὀςχῶρον
510 4575 555 4635 ἵνα
567 4573 691 4645 ξυνιόντες
699 4572 799 4645 ίκοντο,

124 4668 176 4728 σύν
185 4670 210 4750 ρ’
220 4667 319 4728 ἔόαλον
329 4664 426 4749 ρινοθς,
437 4664 485 4724 σθν
499 4666 521 4724 δ’
532 4662 613 4743 ἔγχεα
622 4662 668 4722 καί
679 4663 748 4742 μένε’
759 4663 859 4743 ἀνδρῶν

124 4755 367 4839 χαλκεοθωρήκων
379 4751 446 4836 ἀτδρ
455 4751 563 4819 ἀσπίδες
573 4749 754 4833 ὀμφαλόεσσαι

125 4843 237 4918 ἔπληντ’
247 4843 396 4922 ἀλλήλῃσι,
405 4840 487 4908 πολθς
495 4841 518 4899 δ’
530 4837 676 4922 ὀρυμαγδός
685 4835 785 4919 ὀρώρει.

76 4948 115 4988 tw
126 4929 214 4993 Ἔνθα
225 4934 250 4991 δ’
260 4931 308 5010 ἀμ’
318 4928 423 5008 οἰμωγή
432 4951 461 4987 τε
470 4928 516 4986 καὶ
526 4924 630 5007 εόχωλῆ
641 4924 720 4984 πέλεν
730 4925 838 5007 ἀνδρῶν,

125 5017 262 5079 ὀλλύντων
269 5041 301 5078 τε
309 5017 358 5077 καί
367 5012 525 5094 ὀλλυμένων·
537 5014 578 5097 ῥέε
589 5014 612 5072 δ’
623 5010 717 5091 αίματι
726 5019 799 5090 γαῖα.

126 5106 207 5174 ttae·
216 5106 261 5167 ἀει
269 5105 413 5188 χείμαρροι
420 5103 551 5181 ποταμοί,
560 5103 619 5161 κατ’
629 5099 719 5184 ὀρεσφι
730 5097 842 5184 ρίοντες,

1153 359 1324 420 rnrnn1s
1350 344 1410 421 iv,¹
1646 348 1682 424 ιε’

905 475 971 528 Talis
979 482 1031 529 erat
1038 479 1135 542 Tydeus
1144 481 1250 541 AEtelus3
1260 481 1387 531 sedilium

905 565 1685 633 genuitseipsoinieriorempugna,in-concioneauternpraestan·
1787 622 1792 628 ,

906 651 1011 716 tionem]
1042 653 1685 720 sicdixit;huicveronibilresponditlortisttlomedes,

906 739 1024 790 reveritus
1033 742 1095 803 regis
1104 742 1289 805 increpationem
1297 742 1435 791 venerandi.

905 827 968 877 Huic
977 832 1057 877 autem
1066 828 1129 878 tilius
1138 829 1241 892 capanei
1250 830 1372 892 respondit
1380 830 1476 892 gloriosi
1487 844 1493 879 :

936 915 1032 977 Atrida,
1042 929 1072 966 ne
1081 917 1217 977 mentiaris,
1227 917 1306 966 sciens
1314 931 1371 967 rere
1380 917 1454 979 loqui.

905 1004 955 1052 Nos
965 1016 1022 1052 sane
1032 1003 1140 1066 patribus
1149 1003 1218 1065 longe
1227 1004 1336 1067 tortiores
1345 1004 1473 1066 gloriarum
1481 1018 1548 1066 esse;

905 1103 949 1141 nos
958 1092 1032 1140 etiarn
1040 1091 1135 1141 Thebes
1145 1091 1226 1141 mdem
1235 1092 1342 1154 cepimus
1352 1092 1666 1155 septem-portasbabentis‚

905 1178 1029 1242 pauciores
1038 1177 1119 1240 copias
1128 1177 1243 1228 ducentes
1252 1178 1298 1228 sub
1307 1192 1402 1228 murum
1411 1180 1600 1242 Muti-sacrum,

905 1265 959 1315 treti
969 1266 1042 1328 signis
1050 1265 1151 1315 deorum
1160 1269 1186 1314 et
1193 1265 1263 1315 lovis
1272 1265 1362 1315 auxilio
1373 1281 1379 1314 :

825 1374 830 1383 ·
904 1350 1203 1402 iliiautemsuarecordia
1211 1351 1340 1414 periemnt.

905 1443 985 1498 Quare
994 1452 1024 1489 ne
1033 1438 1091 1488 milri
1100 1443 1181 1503 patres
1190 1453 1295 1501 unquam
1304 1440 1329 1488 in
1338 1440 1410 1490 simili
1418 1455 1493 1504 ponas
1502 1441 1599 1491 bomne.

934 1528 1005 1577 liunc
1011 1532 1091 1576 autem
1099 1531 1168 1577 torre
1179 1527 1280 1576 intuitus
1290 1527 1456 1578 allocutusest
1464 1527 1531 1578 lonis
1540 1528 1667 1579 Diomedes
1679 1543 1686 1577 :

904 1613 961 1664 omi
972 1611 1101 1674 sthenelo,
1111 1614 1198 1663 tacitus
1207 1613 1276 1675 sede,
1286 1627 1387 1676 meoque
1396 1628 1452 1677 pare
1461 1615 1572 1664 semioni.

904 1705 956 1752 Non
966 1700 1030 1750 enim
1040 1714 1084 1763 ego
1093 1712 1223 1751 succenseo
1232 1702 1416 1763 Agamemnoni,
1427 1701 1516 1764 pastori
1530 1702 1687 1765 populorum,

903 1788 1038 1839 cohortanti
1047 1787 1241 1851 adpupmandum
1250 1788 1430 1837 beneocreatos
1440 1786 1552 1836 Aebiros.

903 1878 974 1926 Hunc
982 1876 1046 1925 enim
1055 1876 1129 1937 gloria
1139 1875 1210 1924 simul
1220 1879 1348 1937 sequetur,
1358 1873 1380 1923 si
1389 1874 1486 1937 quidem
1497 1874 1581 1924 lelaivi

903 1964 1019 2026 'trojanos
1027 1962 1181 2023 debellarint,
1191 1962 1344 2026 ceperintque
1352 1961 1423 2011 ilium
1433 1975 1541 2023 sacrum;

903 2050 960 2101 buic
969 2064 1027 2101 vero
1035 2053 1118 2101 eontm
1126 2050 1209 2113 ingens
1217 2049 1310 2111 luctus,
1318 2049 1416 2100 Achivis
1425 2049 1505 2099 casis.

903 2142 995 2190 verum
1004 2152 1047 2201 age
1053 2138 1103 2200 jam
1112 2142 1137 2187 et
1146 2150 1190 2187 nos
1198 2136 1330 2199 cogitemus
1339 2135 1514 2199 de-impetuosa
1523 2134 1670 2186 tortitudine.-

933 2226 1013 2289 nisit,
1022 2230 1046 2276 et
1054 2225 1085 2276 de
1093 2238 1166 2275 curru
1174 2238 1231 2274 cum
1239 2224 1312 2273 armis
1322 2223 1410 2283 desiliit
1419 2223 1556 2284 interram

903 2313 1040 2364 terribiliter
1049 2318 1130 2364 autem
1140 2314 1220 2364 sonuit
1228 2326 1263 2364 sis
1272 2314 1297 2363 in
1307 2313 1443 2377 pectoribus
1452 2313 1565 2377 principis

903 2400 990 2450 conciti
1001 2416 1007 2450 :
1017 2401 1057 2451 rel
1068 2401 1415 2452 firmumanimumbabeutem
1422 2406 1501 2452 metus
1510 2402 1632 2452 subiisset.

934 2492 967 2539 Ut
975 2501 1034 2538 reru
1042 2488 1139 2552 quando
1147 2489 1172 2538 in
1180 2489 1250 2540 litore
1259 2503 1346 2539 sonoro
1354 2488 1442 2539 luctus
1450 2489 1524 2539 maris

902 2576 1035 2625 concitatur
1043 2576 1182 2638 confertim,
1192 2576 1300 2640 Iaepbyro
1309 2576 1482 2626 submovente:

902 2662 1056 2713 inultomari
1064 2664 1161 2726 quidem
1170 2664 1275 2728 primum
1284 2664 1413 2724 attollitur,
1424 2664 1469 2713 sed
1476 2668 1561 2727 postea

904 2754 974 2801 terme
982 2751 1066 2801 allisus
1076 2751 1229 2801 vehementer
1239 2749 1332 2811 benit,
1342 2755 1367 2800 et
1375 2751 1438 2800 cirea
1447 2751 1611 2814 promontoria

903 2838 1010 2889 turnidus
1019 2838 1316 2903 fastigiatur,exspuitque
1326 2839 1400 2888 maris
1409 2851 1519 2902 spumam
1530 2853 1537 2888 ι

903 2929 938 2980 sic
945 2932 1005 2980 tune
1013 2927 1126 2980 confertae
1135 2932 1272 2980 Danaorum
1280 2926 1439 2977 movebantur
1447 2926 1575 2990 phalanges

902 3016 1016 3067 continuo
1024 3016 1055 3066 ad
1064 3029 1177 3079 pugilem.
1190 3015 1326 3079 imperabat
1334 3019 1415 3065 summ
1425 3014 1476 3064 suis
1484 3014 1651 3078 unusquisque

902 3103 1005 3164 dueum
1015 3103 1088 3153 ceteri
1097 3116 1155 3153 vem
1163 3103 1229 3153 taciti
1238 3102 1305 3152 ibant
1315 3102 1406 3165 (neque
1415 3100 1519 3151 dixisses

903 3195 981 3242 tantm
989 3190 1070 3254 copias
1079 3190 1148 3254 sequi
1159 3190 1274 3240 babentes
1283 3189 1454 3253 inspectoribus
1463 3202 1547 3238 vocem
1553 3190 1573 3250 )‚

902 3279 998 3330 silentio
1006 3279 1104 3328 reveriti
1113 3278 1225 3327 ductores
1235 3292 1242 3326 :
1253 3277 1343 3326 cneum
1351 3281 1433 3326 autem
1441 3289 1526 3325 omnes

901 3379 968 3417 arma
977 3367 1044 3416 vario
1052 3365 1221 3430 splendebant,
1230 3365 1319 3427 quibus
1328 3363 1405 3413 induti
1414 3362 1672 3427 procedebantordine.

901 3455 996 3517 Troiani
1005 3457 1099 3514 autem,
1108 3452 1288 3516 perinde-atque
1296 3465 1355 3502 oves
1364 3451 1489 3515 locupletis
1497 3450 1543 3499 riri
1552 3450 1577 3500 in
1586 3450 1657 3500 caula

901 3543 1033 3593 inunmerae
1043 3546 1120 3602 stant,
1130 3540 1334 3602 dum-mulgentur
1343 3539 1381 3589 lac
1390 3538 1486 3600 album,

901 3630 997 3681 assidue
1006 3629 1126 3688 bdnntes,
1136 3628 1260 3677 audientes
1269 3640 1354 3677 rocem
1363 3639 1478 3688 agnorum
1489 3640 1496 3674 τ

901 3718 937 3769 εἰσ
944 3718 1100 3780 Troianorum
1110 3715 1219 3766 neminis
1227 3728 1271 3778 per
1279 3714 1411 3764 exercitum
1420 3713 1496 3762 latum
1505 3716 1662 3762 estexortus.

901 3808 954 3857 lion
963 3805 1028 3855 enim
1036 3803 1143 3854 omnium
1152 3807 1204 3853 erat
1212 3815 1261 3851 una
1268 3800 1421 3859 vociferatio,
1431 3812 1508 3863 neque
1517 3812 1565 3848 mro
1573 3812 1636 3860 rex,

901 3893 944 3943 sed
957 3893 1037 3955 lingua
1045 3892 1194 3950 mixtaerat3
1210 3902 1267 3939 nam
1276 3886 1583 3938 omeliis-loeieoonroeati
1593 3885 1686 3936 merant

900 3979 970 4044 riri]
987 3979 1118 4042 nstigabat
1126 3992 1184 4028 vero
1197 3976 1243 4026 bos
1251 3976 1348 4039 οιιίθειιι
1357 3978 1435 4034 Mars,
1446 3974 1500 4024 illos
1509 3979 1590 4024 summ
1598 3974 1686 4023 etesiis

900 4067 977 4118 oculis
985 4064 1116 4128 mineram]
1133 4069 1266 4127 Terrorque
1275 4067 1300 4113 et
1308 4066 1387 4125 liuga,
1398 4066 1423 4112 et
1431 4061 1556 4113 Discordia
1565 4061 1685 4111 insatiabi-

901 4156 954 4205 liter
963 4152 1073 4217 iurens‚]
1089 4153 1173 4203 Martis
1181 4150 1308 4202 homicidae
1318 4150 1519 4211 sororsociaque:

901 4255 956 4306 quae
965 4254 1039 4305 parva
1047 4240 1144 4303 quidem
1152 4239 1256 4302 primum
1264 4237 1394 4298 attollimr,
1403 4236 1447 4286 sed
1455 4240 1539 4300 postea

901 4331 961 4380 coelo
969 4329 1049 4379 condit
1057 4331 1142 4391 eaput,
1151 4331 1177 4377 et
1185 4327 1210 4375 tn
1218 4330 1282 4376 terra
1291 4325 1428 4388 ingreditur.

901 4420 961 4476 Quae
971 4415 1029 4479 ipsis
1038 4418 1063 4465 et
1071 4419 1129 4465 tunc
1138 4414 1204 4464 litem
1212 4413 1427 4476 utrinqueaequam
1437 4411 1516 4473 iniecit
1529 4409 1684 4470 iii-medium,

901 4503 1011 4567 μεθίετε
1020 4516 1063 4566 per
1073 4502 1181 4561 turbam,
1190 4513 1279 4562 augens
1288 4500 1403 4562 gemitum
1413 4500 1529 4549 virorum.

931 4590 962 4642 tii
972 4604 1030 4640 vero
1038 4588 1134 4651 quando
1140 4589 1189 4651 jam
1199 4585 1223 4636 in
1232 4588 1311 4637 locum
1320 4600 1396 4636 unum
1405 4591 1518 4635 coeuntes
1528 4589 1656 4645 venerant,

901 4677 1080 4729 committebant
1089 4681 1169 4734 scuta,
1180 4688 1274 4737 unaque
1283 4675 1365 4724 hastas
1374 4679 1399 4724 et
1408 4674 1491 4723 robora
1500 4674 1605 4722 virorum

901 4764 1217 4823 ereis-toricisindutorum
1228 4767 1300 4826 atque
1307 4762 1384 4825 clypei
1396 4760 1634 4811 ummnesbabentes

901 4853 1120 4918 appropinquabant
1127 4852 1238 4911 invicem,
1246 4851 1383 4913 multusque
1389 4849 1507 4898 tumultus
1513 4851 1665 4897 eoortusest.

901 4944 963 4990 Tum
973 4945 1053 4989 autem
1063 4937 1134 4988 simul
1143 4937 1292 5000 ejulatusque
1301 4940 1326 4985 et
1332 4935 1440 4997 gloriatio
1448 4939 1499 4984 erat
1508 4935 1614 4984 νὶτοσιιιο

901 5027 1097 5091 perdendumque
1105 5029 1131 5075 et
1138 5025 1302 5088 pereuntium,
1312 5022 1446 5083 tinebatque
1455 5019 1569 5081 unguine
1577 5023 1649 5069 terra

901 5119 1001 5167 bivero
1009 5113 1105 5177 quando
1115 5116 1232 5166 torrentes
1244 5110 1322 5172 lovi,
1334 5108 1364 5159 de
1375 5106 1497 5158 montibus
1505 5106 1621 5168 tuentes,
