3850 5900
277 346 302 418 6
855 356 1123 425 PRAEFATIO.

278 489 408 560 veteris
422 503 541 562 textus
558 490 664 586 graeci
686 490 789 580 vitia,
809 506 845 563 et
863 490 931 564 alia
950 492 1120 591 qnaedam
1142 520 1184 566 ex
1209 497 1426 568 vertentium
1446 497 1585 568 incuria
1603 510 1702 585 nata,

277 609 436 708 plurima
456 610 617 708 denique
637 610 675 683 in
695 611 739 683 iis
756 611 942 686 vocabulis
959 613 1170 699 commissa,
1191 633 1272 708 quae
1289 611 1534 681 recentiorum
1551 609 1701 682 demum

277 726 489 798 criticorum
513 740 549 798 et
573 726 814 824 interpretum
834 727 994 800 sollertia
1014 726 1199 826 explicuit.
1219 729 1260 796 ln
1283 725 1478 823 postremis
1501 725 1549 796 ita
1572 725 1703 796 versati

278 864 426 931 sumus,
438 856 497 929 ut,
515 866 596 940 quae
610 841 841 914 dubitatione
855 867 975 915 carere
989 859 1025 916 et
1041 843 1155 914 firmis
1172 842 1239 912 niti
1252 841 1470 913 testimoniis
1480 839 1704 927 viderentur,

278 980 318 1027 ea
334 955 434 1028 haud
453 972 668 1029 cunctanter
686 973 1045 1055 repraesentaremus3
1072 973 1109 1028 at
1135 956 1200 1028 ubi
1223 954 1466 1027 dubitationis
1487 953 1625 1053 aliquid
1643 980 1703 1027 su·

277 1086 455 1169 peresset,
489 1096 725 1171 sequeremur
748 1076 871 1172 potius
890 1075 1128 1171 antiquorum
1155 1073 1493 1169 interpretationem
1517 1096 1596 1142 eam
1620 1096 1702 1168 quae

277 1188 466 1260 sententiae
484 1189 671 1286 aptissima
692 1205 797 1262 esset.
820 1195 899 1262 Hoc
917 1203 1040 1261 autem
1060 1187 1259 1285 praesertim
1279 1186 1371 1257 enisi
1391 1211 1518 1258 snmus
1536 1201 1701 1284 utquam

277 1301 443 1398 proxime
460 1318 582 1409 posset
596 1302 707 1378 latina
722 1304 846 1405 lingua
862 1308 1073 1381 Graecornm
1095 1303 1244 1397 vestigia
1262 1300 1479 1397 legeremus,
1497 1326 1573 1400 quo
1589 1303 1701 1398 patris

276 1431 468 1515 poetarum
485 1417 649 1491 membra
662 1435 698 1492 et
717 1435 839 1492 motus
856 1444 1004 1507 omnes,
1020 1432 1199 1515 quantum
1218 1441 1283 1514 per
1299 1416 1447 1495 latinam
1464 1431 1600 1487 vestem
1617 1416 1702 1487 lice·

276 1532 357 1621 bat,
369 1533 624 1638 conspiciendi
637 1532 907 1632 praeberentur3
920 1532 986 1605 sed
998 1533 1036 1604 in
1049 1533 1109 1632 tali
1123 1532 1271 1629 incepto
1287 1556 1363 1602 non
1377 1532 1498 1629 potuit
1513 1530 1700 1630 impediri,

276 1650 366 1747 quin
392 1648 571 1721 nonnulla
593 1675 674 1748 quae
694 1650 876 1730 rarissime
900 1648 971 1720 sibi
994 1647 1227 1720 indulserunt
1250 1646 1388 1736 Latini,
1412 1646 1490 1723 haec
1514 1645 1700 1717 translatio

276 1763 404 1835 offerat
433 1765 746 1870 frequentissime3
772 1763 953 1840 nonnulla
974 1764 1083 1835 etiam
1111 1787 1194 1861 quae
1214 1777 1418 1858 argenteam
1439 1776 1580 1838 aetatem
1601 1787 1700 1857 egre·

275 1877 441 1968 diuntur,
459 1880 568 1978 recipi
591 1904 738 1954 necesse
759 1894 835 1951 erat
854 1907 862 1952 τ
882 1878 1084 1952 abar-baris
1107 1895 1226 1952 tamen
1253 1878 1373 1955 verbis
1392 1891 1428 1948 et
1451 1876 1700 1949 locutionibus

275 1993 404 2073 sedulo
418 1996 593 2067 cavimus.
614 2001 681 2085 lta,
695 1994 879 2068 veteribus
893 1994 978 2067 licet
991 2010 1256 2093 superstructa,
1273 1992 1349 2064 baec
1363 1992 1614 2096 interpretatio
1630 2016 1699 2089 pro

275 2134 371 2182 nova
387 2134 465 2182 esse
481 2112 607 2208 possit.
1113 2100 1116 2105 ¹

322 2228 476 2324 Hymnis
504 2242 540 2299 et
563 2225 892 2325 Epigrammatibus
911 2227 1060 2298 Homeri
1086 2225 1236 2296 nomine
1262 2224 1447 2321 inscriptis
1475 2221 1698 2322 subjecimus

276 2339 376 2434 Cyeli
407 2342 502 2437 epici
525 2340 738 2441 fragmenta
769 2369 781 2411 .·
813 2342 850 2412 in
888 2340 1025 2440 quibus
1057 2343 1153 2413 varie
1184 2354 1342 2412 erratum
1377 2353 1475 2426 erat,
1503 2352 1697 2435 antequam

273 2459 310 2526 F.
332 2457 376 2527 G.
395 2458 592 2529 Wnocnnm
614 2455 783 2529 doctrina
808 2472 844 2529 et
868 2473 1058 2556 poetarum
1081 2472 1244 2528 veterum
1276 2455 1518 2554 mythicaeque
1539 2453 1698 2527 historia

272 2570 436 2666 cognitio
463 2573 594 2644 eximia
618 2572 769 2669 Cyclum
792 2597 942 2671 quoque
969 2571 1015 2644 ab
1042 2571 1145 2643 omni
1170 2586 1271 2668 parte
1294 2570 1508 2659 illustraret,
1536 2571 1573 2641 in
1602 2569 1698 2642 libro

271 2686 477 2780 germanice
503 2687 657 2785 script0,
689 2685 816 2785 Cyclas
840 2690 961 2793 epicos
987 2690 1058 2764 sive
1075 2690 1256 2759 Homerici
1270 2702 1407 2784 poetae,
1434 2683 1697 2758 Bonnae1835.

272 2796 470 2871 lbivideas
492 2802 654 2899 exposita
675 2814 888 2901 argumenta
914 2800 1030 2871 nostri
1051 2802 1256 2874 carminum
1276 2817 1312 2873 et
1332 2800 1615 2898 fragmentorum
1639 2827 1697 2873 or·

273 2910 388 3004 dinis,
402 2915 468 3013 qui
481 2915 590 3016 longe
609 2914 767 2989 differta
783 2916 904 3015 priore
921 2914 1146 2989 Collectione
1165 2922 1201 2990 C.
1220 2922 1263 2989 G.
1279 2915 1422 2992 Mrilleri
1437 2917 1557 3016 (Lips.
1577 2919 1697 3015 1829);

273 3045 445 3127 praeterea
462 3029 545 3129 plus
558 3032 688 3130 viginti
705 3031 904 3129 fragmenta
919 3031 1020 3131 apud
1042 3058 1109 3105 nos
1127 3033 1309 3122 invenias,
1327 3058 1409 3130 quae
1425 3034 1463 3104 in
1479 3034 1539 3106 illa
1555 3032 1698 3105 deside·

273 3159 412 3217 rantur.
428 3145 649 3224 Thebaidem
667 3172 709 3218 ex
728 3152 770 3219 Ε.
790 3152 826 3219 L.
844 3150 1039 3237 tenerent,
1056 3152 1186 3253 Cypria
1201 3151 1361 3224 carmina
1375 3175 1418 3221 ex
1435 3156 1477 3222 ta
1494 3157 1526 3222 J.
1547 3158 1587 3223 F.
1604 3159 1699 3224 Hen-

272 3261 444 3338 recinent
470 3261 759 3344 Collectionibus
786 3265 990 3363 (Gottingae
1015 3264 1125 3358 1830,
1146 3282 1181 3337 et
1202 3266 1473 3364 Havniae1828)
1503 3269 1697 3364 recognitis

273 3379 527 3477 expressimus
650 3461 668 3470 ρ
941 3363 944 3370 ‚

323 3493 492 3590 Denique
504 3492 642 3566 indices
656 3494 869 3570 Homericos
887 3519 1003 3596 quum
1022 3496 1396 3595 circumspiceremus,
1416 3496 1560 3569 nullum
1574 3498 1698 3596 potui·

275 3634 355 3679 mus
373 3608 536 3680 invenire
553 3611 619 3707 qui
636 3610 771 3683 nostris
789 3608 917 3685 usibus
929 3610 1183 3710 responderet3
1198 3611 1298 3683 solus
1312 3614 1500 3684 Dammius
1515 3613 1552 3684 in
1568 3628 1698 3711 «parte

274 3723 388 3794 reali»
406 3722 503 3796 idem
522 3724 594 3795 lere
615 3722 723 3795 nobis
737 3723 933 3796 consilium
945 3740 1096 3828 'secutus
1111 3742 1186 3798 erat
1206 3755 1214 3798 ε
1235 3741 1271 3798 at
1290 3752 1399 3825 quam
1416 3728 1605 3800 incondita
1620 3728 1697 3799 baec

274 3834 430 3936 larragol
454 3863 564 3940 quam
579 3838 699 3939 longis
717 3853 754 3910 et
777 3837 923 3910 insulsis
943 3838 1255 3938 disputationibus
1277 3844 1314 3913 in
1334 3843 1555 3915 immensum
1571 3839 1694 3915 aucta!

276 3952 538 4043 nibilominus,
560 3953 661 4052 quod
677 3955 714 4025 in
737 3969 836 4026 tanta
856 3954 952 4026 mole
969 3957 1025 4026 vix
1038 3954 1182 4046 credas,
1202 3956 1335 4028 desunt
1356 3982 1636 4055 nonnumquam
1656 3982 1697 4028 ea

274 4071 352 4168 ipsa
370 4095 451 4167 quae
470 4071 506 4141 in
526 4070 648 4142 indice
666 4072 860 4143 Homerico
878 4095 1037 4167 quaeras3
1061 4087 1230 4169 praeterea
1256 4097 1313 4143 res
1332 4072 1368 4143 in
1388 4074 1541 4169 Hymnis
1563 4087 1599 4144 et
1617 4074 1698 4170 Epi-

271 4184 533 4281 grammatibus
561 4201 777 4258 memoratas
811 4183 983 4257 consulto
1014 4186 1195 4259 omiserat.
1221 4190 1312 4274 Quae
1339 4213 1455 4286 quum
1483 4189 1533 4259 ita
1557 4203 1695 4276 essent,

271 4324 421 4398 prorsus
447 4325 584 4372 novum
608 4300 767 4372 indicem
791 4327 865 4374 non
891 4305 971 4375 sine
991 4330 1122 4401 magno
1139 4304 1263 4378 labore
1276 4306 1512 4378 condidimus
1526 4308 1614 4405 ipsi,
1636 4307 1695 4379 cui

272 4438 313 4484 ea
332 4438 482 4511 quoque
500 4415 632 4487 inserta
652 4414 748 4512 leges
763 4441 843 4514 quae
862 4443 905 4489 ex
921 4419 1032 4515 Cyclo
1052 4420 1160 4493 nobis
1178 4436 1314 4493 servata
1330 4436 1427 4492 sunt.

321 4528 516 4625 Reliquum
532 4544 602 4616 est,
634 4535 758 4618 ntTu,
783 4527 960 4605 benevole
987 4537 1126 4624 Lector,
1146 4560 1293 4633 operam
1317 4535 1404 4607 buic
1429 4539 1609 4609 volumini
1630 4539 1698 4608 im-

271 4668 421 4743 pensam
440 4669 545 4746 aequo
565 4646 688 4720 auimo
708 4645 796 4723 boui
816 4648 995 4723 consulas.
1014 4651 1108 4722 Vale'
1121 4649 1303 4747 nobisque
1321 4650 1409 4722 lave.

351 4886 482 4959 Parisiis,
497 4885 593 4946 idibus
607 4887 785 4950 Octobribus
800 4908 1016 4947 nncccxxxvu.
