3850 5900
381 389 560 451 ΙΛΙΑΔΟΣ
585 394 618 451 ’.Γ

167 515 262 617 μήποτ’
272 492 453 595 ἔςΟύλυμπόν
461 543 488 578 τε
499 519 544 579 καί
553 519 687 603 ούρανδν’
672 520 829 605 αστερόεντα

167 593 236 670 αύτις
246 602 420 663 έλεύσεσθαι’
415 610 488 679 Ἀτην
491 606 573 678 ,θ’
535 631 635 674 παντας
645 611 735 668 ἀᾶται.

126 711 156 751 tm
202 689 253 758 Ὡς
262 689 343 749 είπὼν
354 690 409 774 ἔρρι
409 696 481 774 ψἐν
467 693 511 751 απ’
522 697 632 776 ούρανου
642 696 822 778 ἀστερόεντος,

164 777 230 859 χειρλ
239 777 423 860 περιστρέψας·
433 779 536 861 τάχαδ’
545 780 672 866 ίκετοέργ
673 783 840 866 ’ἀνθρώπων

165 863 220 936 Τὴν
231 865 283 924 αἰεί
293 866 457 947 στενάχεσχ,
441 866 503 927 ’ὅθ’
514 868 555 927 έδν
566 868 639 950 φίλον
649 870 704 928 υίὸν
713 874 795 952 ὀρῳτο

165 952 237 1035 ἔργον
250 951 335 1020 ἀεικές
345 951 458 1033 ἔχοντα
448 979 485 1013 υπ
485 955 544 1015 Ἐὖ
547 960 680 1037 ρυσθῆος’
665 981 682 1014 α
684 956 774 1016 έ.θλων

162 1038 259 1106 Ὦς
217 1064 263 1098 και
273 1039 347 1117 εγων
359 1039 434 1100 ότεδ
413 1033 546 1121 δαυτεμε
540 1042 667 1127 ’γαςκορυ
652 1044 788 1113 υθαίολος’
789 1048 884 1127 Εκτωρ

122 1149 153 1187 ιιι
164 1127 292 1209 Ἀργείους
300 1126 738 1213 δλέεσκενέππρύμνησινίεσσιν,

163 1238 191 1274 ον
179 1216 320 1293 ’δυνάμην
330 1215 463 1276 λελαθέσθ’
473 1216 565 1290 Ατης,
575 1211 594 1298 ᾗ
603 1224 705 1301 πρῶτον
716 1218 825 1291 ἀάσθην.

165 1303 231 1364 Ἀλλ’
241 1304 299 1364 ἐπεὶ
309 1303 445 1382 ἀασάμην,
454 1304 500 1363 καί
511 1329 560 1382 μευ
571 1304 665 1387 φρένας
675 1306 775 1375 ἐξέλετο
785 1306 863 1381 Ζεὺς,

163 1390 198 1472 ἂψ
207 1390 288 1451 ἐθέλω
300 1390 405 1472 ἀρέσαι,
415 1391 523 1470 δόμεναί
532 1393 556 1451 τ’
566 1393 692 1476 ἀπερείσι’
702 1394 806 1454 ἀποινα·

163 1482 219 1538 ἀλλ’
230 1479 308 1562 όρσευ
316 1478 475 1558 πόλεμόνδε,
485 1481 531 1541 καί
541 1482 635 1549 ἄλλους
644 1483 730 1566 ὄρνυθι
739 1481 825 1552 λαούς.

119 1588 151 1627 tto
163 1571 241 1649 Δῶρα
251 1569 273 1626 δ’
284 1568 350 1647 έγιλνν
359 1568 402 1628 ὅδε
411 1569 499 1628 πάντα
508 1580 656 1652 παρασχεῖν
666 1570 733 1630 όσσα
742 1596 782 1631 τοι
792 1571 873 1632 ἐλθὼν

161 1656 247 1735 χθιζδς
256 1656 294 1716 tot
305 1655 436 1735 κλισίῃσιν
449 1656 578 1738 ὑπέσχετο
588 1661 641 1727 διος
651 1658 803 1728 Ὀδυσσεύς.

161 1746 195 1805 El
204 1744 227 1802 δ’
237 1743 344 1817 ἐθέλεις,
354 1744 495 1821 ἐπίμεινον,
506 1745 671 1825 ἐπειγόμενος
679 1770 730 1827 περ
739 1744 768 1806 Ἀ
774 1770 841 1828 ρηος·

161 1832 232 1913 δῶρα
242 1832 271 1890 δέ
280 1856 320 1891 τοι
330 1831 498 1913 θεράποντες,
509 1836 574 1911 ἐμῆς
583 1833 657 1915 παρδι
667 1834 726 1905 νηδς
736 1835 850 1908 ἑλόντες,

162 1919 269 1990 οίσουσ’,
279 1919 347 2001 ὄφρα
356 1920 444 1991 ἴδηαι,
453 1918 517 1980 ὅσοι
528 1919 663 1998 μενοεικέα
674 1921 758 1981 δώσω.

117 2026 149 2065 trs
197 2006 254 2066 Τὸν
260 2009 282 2065 δ’
289 2006 502 2085 ἀπαμειὸόμενος
512 2008 625 2090 προςέφη
637 2007 719 2076 πόδας
728 2007 892 2088 ὠκὺςἈχιλ-

160 2095 275 2177 Ἀτρείδη
286 2093 404 2168 κύδιστε,
415 2096 479 2164 ἄναξ
490 2099 590 2178 ἀνδρῶν
601 2096 773 2211 Ἀγάμεμνον,
812 2097 891 2176 [tete-

161 2184 230 2262 δῶρα
241 2182 339 2260 μὲν,
309 2207 336 2240 αι
346 2183 370 2241 κ’
383 2183 510 2262 ἐθέλῃσθα
520 2184 692 2295 παρασχέμεν
702 2190 737 2252 ὡς
747 2185 843 2244 ἕπιεικέ
836 2210 870 2258 ς,

159 2295 192 2341 ητ
191 2269 314 2350 ’ἑχέμεη
324 2294 378 2352 παρ
355 2270 457 2329 ’.ασοί
468 2270 561 2331 Νυνδδ
550 2272 698 2350 μνησόνμε
687 2273 779 2331 (λα’
742 2297 851 2354 χαρμης

159 2349 307 2439 αἷψαμαλ·
320 2295 471 2469 οὐγράρχρη
455 2358 647 2430 ηκλοτοπεύειν
660 2361 781 2419 ἔνθάδ”’
753 2386 810 2421 ετον
812 2387 855 2433 ας,

116 2465 149 2503 ιω
159 2444 215 2503 οὐδὲ
226 2445 403 2559 διατρίόεινᾹ
388 2471 426 2504 ετι
436 2446 532 2528 γάρ’
498 2472 566 2525 μεγα
577 2447 680 2557 έργον’
663 2472 780 2531 αρεκτον·

158 2531 191 2599 ὥς
199 2531 230 2591 κε’
239 2557 279 2601 τις
289 2526 340 2592 αυτ
340 2535 470 2614 ’Ἀχιληα
480 2534 548 2612 μετά
558 2534 699 2617 πρώτοισιν
709 2537 810 2610 ἴδηται,

160 2620 231 2698 ἔγχεϊ
238 2620 360 2702 χαλκείαν
369 2620 470 2702 Τρώων
482 2621 605 2682 ὀλέκοντα
616 2623 761 2731 φάλαγγας

158 2698 222 2768 Ὧδέ
229 2732 270 2775 τις
279 2708 378 2786 ὑμείων
389 2709 553 2787 μεμνημένος
563 2711 652 2792 ἀνδρί
648 2710 782 2790 μαχέσθω
809 2712 889 2791 [σεύς

196 2796 280 2856 Τδνδ
287 2766 620 2880 ἀπαμειόόμενοςπροςέφη
631 2799 797 2876 πολύμητις’
799 2803 890 2861 Οδυσ-

116 2903 148 2942 tas
159 2881 194 2961 μὴ
204 2882 266 2941 δ”
236 2904 333 2957 ουτως,
344 2884 439 2964 ἀγαθός
447 2910 497 2967 περ
508 2886 565 2959 ἐὼν,
576 2886 707 2946 θεοιείκελ’
716 2888 849 2967 Ἀχιλλεῦ,

159 2972 265 3042 νήστιας
274 2973 411 3054 ότρυνερ
375 2997 443 3032 ποτ
442 2974 542 3034 λἸλιον
552 2967 628 3042 υίας’
624 2980 742 3055 Ἀχαιων,

158 3060 248 3169 Τρωσὶ
258 3060 469 3174 μαχησομένους.
475 3063 554 3123 ’Farel
563 3066 611 3122 οὔκ
621 3063 707 3142 ὀλίγον
713 3088 747 3145 γρ
749 3063 806 3122 όνον
816 3062 890 3123 ἔσται

158 3128 321 3228 φύλοπις,”
291 3171 337 3206 ευτ
337 3147 387 3206 ’ἂν
399 3172 435 3230 πρ
436 3173 501 3209 ωτον
512 3150 659 3228 ὁμιλήσωσι
669 3150 802 3233 φάλαγγες

159 3237 268 3318 ἀνδρῶν,
279 3239 306 3294 ἐν
316 3233 344 3294 δέ
355 3172 435 3303 θεοςρ
419 3237 520 3316 πνεύση
531 3237 606 3314 μένος
616 3237 809 3320 ἀμφοτέροισιν.

116 3341 149 3380 lm
159 3321 236 3382 Ἀλλὰ
245 3322 384 3382 πάσασθαι
395 3324 547 3404 ἀνωγθιθ
517 3328 584 3404 οῃςέ
571 3325 615 3383 ἐπὶ
625 3324 733 3397 νηυσλν’
729 3325 845 3405 Ἀχαιούς

159 3411 227 3471 σίτου
237 3411 285 3470 καί
295 3413 384 3472 οἴνοιο·
395 3412 427 3471 τδ
435 3411 471 3492 γδι
499 3413 575 3491 μένος
585 3414 640 3474 tori
650 3412 695 3472 καί
706 3413 783 3485 ἀλκή.

159 3501 197 3559 Ού
206 3498 256 3582 γὰρ
266 3498 334 3581 ἀνὴρ
343 3498 449 3581 πρόπαν
461 3436 535 3582 {unp
545 3505 570 3569 ἐς
578 3500 666 3573 ἠελιον
675 3498 824 3558 καταδύντα

159 3584 271 3662 ἄκμηνος
281 3587 365 3647 σίτοιο
377 3587 515 3659 δυνήσεται
526 3589 592 3648 ἄντα
604 3587 744 3668 μάχεσθαι.

161 3673 241 3756 Εἴπερ
249 3675 302 3757 γάρ
312 3680 387 3757 θυμῷ
397 3700 426 3755 γε
438 3677 561 3759 μενοινάᾳ
571 3676 729 3753 πολεμίζειν,

115 3779 149 3817 ια
161 3761 225 3819 ἀλλά
233 3786 262 3820 τε
273 3762 359 3844 λάθρη
368 3771 430 3840 γυῖα
443 3761 596 3844 βαρύνεται,
607 3762 653 3835 ἠδέ
662 3762 765 3843 κιχάνει

161 3848 219 3928 δίφα
228 3874 256 3909 τε
266 3850 313 3909 καί
322 3850 412 3927 λιμδς,
424 3851 550 3930 βλάὸεται
562 3850 591 3908 δέ
598 3874 628 3909 τε
638 3849 742 3929 γούνατ’
754 3848 828 3909 ἰόντι.

160 3934 208 4003 Ὃς
216 3936 244 3995 δέ
252 3937 276 3996 κ’
287 3935 363 4018 ἀνὴρ,
373 3936 451 3996 οίνοιο
463 3937 653 4018 κορεσσάμενος
662 3937 708 3996 καί
719 3939 828 4011 ἐδωδῆς,

162 4023 267 4104 ἀνδράσι
279 4022 445 4101 δυςμενίεσσι
454 4023 614 4105 πανημέριος
623 4025 768 4104 πολεμίζῃ,

162 4110 300 4191 θαρσαλέον
310 4107 341 4168 νύ
351 4114 376 4169 οἱ
385 4102 450 4192 ἦτορ
459 4111 496 4171 ἐνί
507 4111 606 4192 φρεσίν,
617 4111 676 4171 οὐδέ
684 4136 709 4170 τι
719 4120 780 4192 γυῖα

115 4198 218 4278 ιιοπρὶν
226 4197 407 4279 κάμνει,πρλν
415 4198 516 4265 πάντας
525 4201 640 4279 ἐρωῆσαι
649 4197 782 4276 πολέμοιο.

163 4283 228 4344 Ἀλλ’
238 4287 299 4365 άγε,
307 4285 374 4345 λαὀν
386 4284 434 4364 μὲν
444 4285 578 4356 σκέδασον,
590 4285 635 4343 καί
646 4287 747 4345 δεῖπνον
757 4285 855 4366 ἄνωχθι

163 4371 290 4433 ὅπλεσθαι·
300 4374 334 4434 τά
345 4373 373 4433 δέ
383 4375 454 4456 δῶρα
465 4373 529 4440 ἄναξ
539 4375 639 4456 ἀνδρῶν
649 4373 820 4452 Ἀγαμέμνων

164 4459 249 4519 οἰσέτω
257 4464 283 4528 ἐς
292 4460 394 4539 μέσσην
405 4459 511 4540 ἀγορὴν,
519 4459 562 4518 ἵνα
572 4459 669 4527 πάντες
679 4461 780 4540 Ἀχαιοί

164 4547 328 4625 όφέίαλμοῖσιν
337 4549 430 4621 ίδωσι,
440 4548 472 4606 σὺ
483 4547 510 4607 δὲ
521 4547 596 4629 φρεσὶ
606 4553 682 4627 σῇσιν
691 4551 789 4629 ίανθῇς.

114 4648 155 4686 t?
166 4630 294 4709 Ὀμνυίτω
304 4635 333 4694 δέ
340 4659 381 4695 τοι
369 4635 498 4745 ωίίρκον,έ
499 4660 513 4694 ν
523 4635 676 4719 Ἀργείοισιν
688 4633 815 4709 ἀναστάς,

167 4689 624 4802 μιθιοιετῆςεῦνηςέπιόῆμεναιήδὲ
636 4746 752 4803 μιγηναι

166 4799 194 4884 [ᾖ
203 4809 269 4887 θέμις
278 4811 432 4884 ίστλν,’ξ
368 4837 416 4870 ανα
419 4810 498 4883 ξ,ἥτ’
509 4812 635 4892 ἀνδρῶν’,
617 4836 663 4869 are
674 4813 810 4889 γυναικῶν
814 4811 824 4889 ]

168 4916 209 4952 και
199 4895 290 4957 'deoc
299 4901 372 4980 αὐτῷ
381 4858 482 4975 θυμδςέ
471 4897 507 4957 ἐνί
517 4919 550 4980 φρ
538 4898 606 4979 ρεσλν
615 4897 688 4965 ἵλαος
698 4897 773 4956 ἔστω.

169 4982 275 5066 Αὗτδρέ
272 4987 350 5044 πειτά
359 5009 390 5045 σε
397 4985 467 5045 δαιτί
476 4985 512 5045 ένλ
522 4985 624 5066 κλισίης
634 4984 770 5066 ἀρεσάσθω

113 5082 161 5120 ran
169 5067 285 5214 pulpa]
282 5097 313 5130 να
324 5072 472 5151 platinae
481 5070 721 5221 ἕπιδευδςέχησθρι.

172 5152 292 5237 Ἀτρείδη,
304 5160 370 5220 αὖθ’
380 5160 471 5221 ἔπειτα
485 5160 599 5221 δικαιότε
602 5185 697 5242 ροςκαι
709 5164 742 5221 ἐπ
743 5161 834 5242 ’άλλφ

1160 402 1336 462 tulatus
1362 406 1450 466 XIX.

937 538 1060 588 nunquam
1070 527 1095 575 in
1104 527 1281 591 Olympumque
1290 535 1315 579 et
1324 532 1411 581 caelum
1422 533 1542 583 stellatum

937 612 1066 662 redituram
1076 620 1149 674 Ateu,
1160 630 1215 679 quae
1225 632 1308 667 omnes
1317 620 1471 670 noxa-afficit.

968 701 1007 749 Sic
1016 701 1092 762 satus,
1103 703 1239 754 deturbavit
1248 719 1305 754 eam
1314 721 1329 754 a
1338 708 1398 756 nelo
1408 709 1514 769 stellato,

938 801 1010 837 manu
1025 789 1219 841 circumrotatam
1229 808 1235 840 :
1244 793 1409 857 statimqueen
1417 796 1726 861 pervenitad-operahomi·

937 876 1013 938 num]
1021 881 1190 941 Deeasemper
1196 880 1373 943 ingemiscebat,
1378 883 1474 945 quando
1480 898 1638 935 suumcamm
1646 886 1721 936 filium

936 963 1038 1027 rideret]
1047 980 1108 1026 opus
1118 966 1241 1028 indignum
1252 969 1419 1030 sustinentem,
1430 971 1476 1020 sub
1484 974 1612 1034 Eurysthei
1623 974 1722 1036 (illatis

937 1051 971 1100 ab
982 1054 1198 1117 Eur.)aerumnis.]
1210 1055 1249 1104 Sic
1258 1060 1283 1105 et
1292 1058 1446 1118 ego,quando
1458 1053 1509 1108 tuni
1518 1061 1727 1123 magnusgaleam·

937 1142 1032 1188 motans
1040 1140 1137 1203 Hector]
1148 1143 1247 1203 Argivos
1256 1142 1371 1204 perdebat
1380 1146 1411 1193 ad
1421 1156 1513 1209 puppes
1523 1148 1636 1209 navium,

936 1240 984 1275 non
994 1232 1101 1289 poteram
1111 1229 1221 1278 obdvrsci
1232 1233 1320 1291 Nosce,
1331 1246 1378 1293 qua
1388 1233 1462 1282 semel
1472 1234 1655 1284 laesus-sueram,

936 1317 968 1363 at
977 1320 1104 1377 postquam
1114 1317 1307 1380 noxam-accepi,
1316 1323 1341 1367 et
1350 1319 1407 1367 milri
1416 1327 1520 1370 mentem
1530 1322 1619 1373 exemit
1624 1324 1725 1386 Jupiter,

936 1401 1023 1451 iterum
1032 1404 1088 1452 roto
1099 1404 1237 1466 capturam,
1248 1405 1352 1467 dareque
1363 1406 1454 1456 infinita
1463 1408 1532 1458 dona

936 1494 967 1539 at
976 1504 1077 1552 exsurge
1086 1491 1243 1553 adpugnam,
1254 1498 1277 1541 et
1287 1498 1378 1543 ceteras
1388 1495 1466 1543 excita
1475 1497 1555 1558 copias
1567 1513 1573 1545 ε

936 1576 999 1626 dona
1004 1582 1084 1627 autem
1090 1593 1134 1640 ego
1140 1580 1179 1627 hie
1184 1580 1264 1629 omnia
1269 1580 1390 1642 praebebo,
1396 1576 1547 1645 quacunque
1553 1584 1594 1633 tibi
1602 1585 1723 1646 proiectus

936 1664 1063 1714 hestemus
1073 1665 1149 1728 (lucri)
1160 1667 1184 1715 iu
1194 1668 1303 1717 tentoriis
1312 1668 1421 1730 promisit
1430 1668 1527 1719 divinus
1540 1672 1646 1733 Ulysses.

936 1752 961 1801 si
970 1757 1051 1802 autem
1060 1753 1112 1813 ris,
1121 1760 1251 1817 exspecta,
1261 1755 1378 1805 testinans
1386 1756 1442 1807 licet
1452 1756 1612 1807 ad-certamen
1624 1775 1630 1807 :

936 1839 1045 1903 donaque
1054 1841 1098 1890 tibi
1107 1841 1223 1903 ministri,
1233 1856 1286 1891 mea
1295 1856 1325 1892 er
1334 1857 1396 1892 nare
1406 1849 1541 1905 sumentes,

935 1927 1025 1987 serent,
1034 1934 1061 1977 ut
1072 1929 1167 1987 rideas,
1178 1930 1242 1991 quod
1252 1930 1296 1979 tibi
1306 1931 1541 1993 animm-placantia
1552 1932 1623 1982 dabo.

961 2019 1031 2083 tlunc
1040 2018 1123 2066 autem
1130 2018 1414 2080 respnndensallatusest
1421 2019 1524 2081 pedibus
1531 2021 1601 2069 relos
1608 2021 1724 2071 achilles:

935 2104 1017 2153 Atride
1027 2106 1209 2166 augustissime,
1219 2120 1260 2155 rex
1272 2107 1378 2155 virorum
1388 2113 1546 2168 Agamemno,

934 2190 997 2239 dona
1006 2192 1116 2254 quidem,
1128 2193 1148 2241 si
1158 2194 1208 2252 vis,
1219 2193 1326 2256 praebere
1333 2230 1341 2254 ,
1350 2198 1377 2242 ut
1388 2198 1547 2256 amram-cst,

933 2279 973 2327 sel
981 2281 1096 2338 retinere,
1104 2293 1177 2341 penes
1187 2286 1211 2329 te
1218 2284 1270 2329 cst:
1278 2294 1342 2329 nunc
1350 2295 1407 2329 roro
1415 2282 1567 2331 recordemur
1573 2284 1650 2345 praetii

933 2367 988 2415 ilion
998 2382 1003 2414 :
1014 2381 1061 2415 raon
1071 2368 1134 2416 enias
1144 2367 1212 2417 decet
1222 2368 1490 2430 serbis-tempus-terere
1499 2369 1538 2417 hic
1548 2376 1687 2431 manentes,

933 2468 977 2503 nec
985 2455 1161 2504 moras-tacere:
1170 2456 1248 2503 adlmc
1255 2456 1319 2505 enim
1327 2469 1439 2516 magnum
1446 2470 1507 2517 opus
1514 2457 1643 2506 intectum:

933 2546 961 2591 ut
970 2542 1057 2604 aliems
1066 2556 1150 2591 rursus
1161 2543 1275 2591 Aclsiilem
1286 2543 1348 2591 inter
1359 2543 1450 2604 primos
1460 2543 1541 2592 rideat

933 2629 1003 2677 hasta
1012 2643 1074 2677 aerea
1083 2631 1238 2691 Troianorum
1248 2630 1387 2691 perdentem
1396 2630 1534 2691 phalangae.

933 2716 973 2766 Sic
982 2717 1069 2779 aliquis
1077 2718 1204 2780 (quisqam)
1214 2722 1321 2765 restrum
1332 2730 1424 2764 naeruor
1433 2717 1550 2765 crum-viro
1559 2722 1658 2779 pugnet.

963 2803 1706 2867 lluucautemrespondeusailocutus·estiageniesust'lysses:
1732 2850 1735 2881 ;

932 2905 962 2940 ne
972 2895 1051 2939 tamen
1063 2891 1111 2951 sic,
1122 2894 1233 2939 strenuus
1243 2891 1297 2938 ticet
1307 2891 1354 2951 sis,
1364 2891 1504 2939 deprimitis
1514 2892 1618 2953 aelrille,
1733 2888 1734 2893 ’

930 2980 1024 3041 jejunos
1033 2980 1129 3042 impelle
1139 2979 1169 3028 ad
1179 2979 1249 3028 tlium
1259 2978 1320 3027 filios
1332 2979 1477 3028 Aelurorum

932 3080 998 3116 cum
990 3067 1106 3127 ·Trojanis
1115 3072 1269 3129 pugnaturos.
1285 3069 1345 3116 Nam
1356 3080 1403 3114 nou
1412 3066 1560 3126 inesiguum
1569 3071 1664 3130 tempus
1678 3070 1723 3119 erit

932 3160 1067 3211 certamen,
1078 3159 1206 3217 postquam
1215 3155 1320 3216 primum
1331 3154 1563 3215 congressae-tuerint
1571 3155 1700 3217 phalanges

932 3243 1052 3303 mmmm,
1062 3256 1090 3290 ac
1100 3242 1160 3291 deus
1170 3242 1321 3305 inspiraverit
1330 3242 1423 3290 animos
1434 3242 1550 3304 utrisque.

932 3329 979 3379 Sed
990 3330 1090 3378 saturari
1098 3329 1155 3389 jube
1164 3329 1288 3377 volonibus
1298 3329 1322 3376 in
1330 3329 1434 3378 naribus
1444 3329 1549 3379 loturos

932 3416 987 3465 cibo
998 3420 1022 3465 ct
1032 3417 1101 3475 ιιίιιος
1112 3418 1157 3465 lanc
1166 3416 1229 3465 enim
1240 3416 1313 3464 robur
1322 3421 1358 3466 est
1368 3422 1392 3465 et
1403 3416 1449 3465 ris.

931 3506 984 3553 Non
994 3504 1057 3554 enim
1065 3507 1106 3554 vir
1113 3509 1190 3553 totum
1200 3504 1264 3552 diem
1274 3503 1389 3565 usque-ad
1400 3503 1475 3552 sotem
1484 3502 1633 3553 occidentem

931 3607 1018 3657 expers
1026 3594 1073 3643 citri
1082 3595 1169 3657 poterit
1178 3599 1262 3643 eontra
1272 3595 1368 3643 hostem
1378 3601 1491 3656 pugnare.

931 3682 998 3732 Licet
1007 3683 1071 3731 enim
1080 3682 1159 3730 animo
1169 3683 1252 3743 utique
1262 3683 1395 3744 promto-sit
1405 3683 1612 3746 adpugnandum,

931 3776 1011 3819 tamen
1021 3769 1143 3820 etsensim
1153 3769 1260 3818 membra
1270 3776 1411 3831 gravantur,
1421 3776 1445 3819 et
1454 3777 1572 3834 ocerrpant
1581 3785 1639 3821 eum

931 3858 1031 3919 sitisque
1040 3862 1065 3906 et
1074 3856 1162 3916 tannes,
1173 3857 1418 3919 noxamque-trahunt
1427 3870 1504 3919 genua
1513 3857 1588 3907 eunti.

931 3945 978 4004 Qui
988 3959 1045 3994 vero
1054 3944 1104 4004 vir,
1114 3944 1162 3992 rint
1173 3948 1240 3992 satur
1250 3949 1274 3993 et
1283 3944 1344 4004 eibi,

930 4034 1055 4083 cum-virts
1064 4033 1174 4081 hostibus
1184 4031 1334 4081 totamdiem
1343 4035 1447 4093 pugnat,

930 4121 1021 4170 audens
1030 4121 1053 4170 ei
1062 4122 1100 4168 est
1108 4119 1202 4168 animus
1215 4120 1239 4167 in
1249 4119 1401 4181 praecordiis,
1412 4119 1595 4181 necquicquam
1609 4118 1719 4169 membra

930 4209 997 4271 prius
1006 4207 1171 4268 defatigantur,
1182 4219 1254 4268 quam
1264 4219 1349 4255 omnes
1358 4206 1471 4255 recedant
1480 4220 1591 4269 apugna.

931 4296 979 4346 Sed
988 4309 1043 4358 age,
1053 4296 1169 4358 populum
1179 4294 1275 4355 quidem
1285 4294 1394 4353 dimitte,
1404 4300 1426 4343 et
1436 4294 1584 4355 jentaculum
1591 4294 1649 4357 jube
1716 4322 1718 4324 >

929 4385 1017 4436 Ιειοιιιιί
1028 4400 1033 4432 ;
1044 4382 1087 4431 sed
1096 4383 1159 4431 dona
1168 4397 1211 4432 rex
1220 4383 1327 4430 uirorum
1338 4387 1484 4444 agamemno

930 4472 991 4521 terat
1000 4472 1023 4520 in
1033 4471 1136 4522 mediam
1145 4470 1297 4529 concionem,
1306 4473 1334 4518 ut
1342 4483 1426 4519 omnes
1437 4470 1521 4519 achivi

930 4564 1007 4613 oculis
1015 4562 1126 4621 rideant,
1137 4565 1210 4622 tuque
1220 4561 1299 4608 auimo
1309 4565 1351 4608 tuo
1360 4559 1457 4609 laeteris.

930 4656 1014 4702 lurato
1023 4656 1104 4700 autem
1113 4650 1342 4712 tibijusjurandum,
1351 4649 1413 4698 inter
1422 4648 1521 4708 Argivos
1533 4659 1645 4708 surgens,

930 4753 1053 4802 uunquam
1062 4752 1087 4787 se
1096 4738 1169 4799 liujus
1178 4738 1256 4786 cubile
1266 4736 1402 4785 ascendisse
1412 4734 1449 4782 rel
1459 4738 1481 4782 ei
1492 4733 1590 4792 coiisse;

931 4827 989 4891 [qua
998 4826 1033 4875 ias
1042 4831 1093 4886 est,
1103 4839 1160 4885 rex,
1170 4830 1195 4874 et
1204 4825 1311 4873 virorum
1321 4827 1345 4872 et
1354 4818 1501 4882 muliemm,]

930 4918 955 4964 et
963 4929 1022 4964 uero
1031 4914 1074 4962 tihi
1084 4913 1128 4976 ipsi
1138 4913 1233 4962 animus
1243 4912 1265 4959 in
1275 4909 1412 4973 praecordiis
1420 4907 1528 4970 placidus
1538 4907 1579 4956 sit.

930 5007 965 5053 Ac
974 5001 1060 5052 deinde
1070 5008 1094 5051 te
1102 5001 1214 5050 convivio
1223 5000 1247 5048 iu
1256 4997 1363 5048 tentoriis
1372 4996 1481 5045 conciliet

930 5092 1009 5150 lauto,
1019 5095 1047 5139 ut
1056 5089 1155 5151 nepuid
1165 5091 1202 5138 tui
1210 5087 1269 5150 iuris
1279 5086 1389 5134 mutilum
1398 5084 1495 5133 habeas.

932 5171 1470 5240 Atride,turerodeindeaequioretinalium
1550 5195 1582 5206 „

1049 5255 1051 5260 ’
1575 5258 1606 5297 ιε.
