3850 5900
206 320 262 372 sss
762 348 768 362 ·
814 309 929 373 elicii
948 310 1201 374 FRAGMENTA.

203 464 252 539 τὴν
267 464 345 525 πόλιν
360 463 531 545 είςδέχσνται,
544 464 668 532 διελόντες
682 464 759 546 μέρος
773 489 800 526 τι
810 471 857 527 τοῦ
867 465 983 548 τείχους,
1023 466 1072 541 τὴν
1083 467 1161 529 πόλιν
1173 466 1321 542 Πολυξένην
1338 466 1525 550 σφαγιάζουσιν
1536 469 1580 528 ἐπί
1594 468 1640 529 τὸν
1651 476 1697 531 τοῦ
1712 470 1805 558 Ἀχιλ-

203 552 250 614 καὶ
262 555 422 633 εὐωχοῦνται
435 557 471 622 ὣς
481 552 643 626 νενικηκότες
653 551 714 622 τοῦς
723 553 869 628 Ἕλληνας.
1023 554 1089 624 λάως
1099 555 1193 639 τάφον.

241 641 359 704 Ἔπεται
379 639 407 700 δὲ
424 639 524 709 τούτοις
544 641 639 702 Ἰλίου
660 642 811 725 περσίδος
830 642 921 723 prelia
938 642 984 704 δύο
1064 644 1229 704 Συνάπεεται
1240 640 1267 702 δέ
1279 640 1378 712 τούτοις
1386 644 1420 703 τά
1429 648 1481 704 τῶν
1490 643 1619 706 Νόστων
1628 645 1718 727 βιόλία
1727 669 1806 707 arura

201 729 368 811 Ἀρκτίνου
379 728 557 803 Μιλησίου,
572 728 728 810 περιέχοντα
739 729 811 790 τάδε·
829 734 864 798 ὡς
875 728 910 788 τὰ
921 731 983 812 περὶ
1023 730 1689 815 Αθγίου[εί.Ἀγίου]Ί’ροιζηνίουπεριέχοντα
1701 734 1773 794 τάδε.

201 817 246 877 τδν
257 816 338 877 ίππον
351 814 473 885 ὑπόπτως
485 817 588 897 ἔχοντες
603 816 772 898 περιστάντες
789 816 957 898 βουλεύονται
968 817 986 877 ό
1064 818 1346 899 ἈθηνῦἈγαμέμνονα
1355 819 1401 878 καὶ
1411 819 1544 880 Μενέλαον
1554 824 1590 888 εἰς
1599 821 1653 904 ἔριν
1662 822 1803 895 καθίστησι

200 929 227 964 τι
236 902 289 988 χρὴ
301 913 392 964 ποιεῖν·
404 905 450 964 κοιλ
461 914 514 973 τοῖς
526 903 573 983 μὲν
585 906 656 964 δοκεῖ
666 905 881 988 κατακρημνίσαι
893 906 981 979 αῦτδυ,
1023 907 1140 987 περὶτοῦ
1151 906 1257 966 ἔκπλου.
1270 906 1442 986 Ἀγαμέμνων
1454 906 1502 985 μὲν
1513 899 1558 967 οῦν
1573 908 1619 967 τὸν
1634 914 1682 982 τῆς
1697 910 1808 982 Ἀθηνᾶς

200 1000 254 1060 τοῖς
266 991 294 1051 δὲ
305 990 489 1074 καταφλέγειν,
506 996 531 1051 oi
548 993 656 1075 δδίερδν
674 993 752 1053 αὐτὸν
769 994 869 1076 ἔφασαν
883 994 936 1052 δεῖν
948 999 982 1075 τῆ
1024 991 1203 1072 ἐξιλασάμενος
1212 992 1291 1073 χόλον
1304 993 1433 1072 ἐπιμένει,
1451 995 1585 1073 Διομήδης
1596 995 1624 1054 δέ
1635 995 1682 1055 καλ
1695 995 1807 1078 Νέστωρ

201 1080 295 1163 Ἀθηνᾷ
312 1082 479 1152 ἀνατεθῆναι.
498 1081 553 1141 Καὶ
567 1079 640 1150 τέλος
657 1087 746 1164 νικᾷή
762 1078 861 1141 τούτων
877 1078 981 1160 γνώμη,
1025 1078 1177 1159 ἀναχθέντες
1193 1083 1229 1147 είς
1245 1077 1294 1151 τλν
1311 1078 1409 1140 οἰκείαν
1426 1079 1605 1150 διασώζονται·
1624 1082 1681 1159 μεθ’
1698 1081 1742 1151 οῦς
1759 1086 1806 1143 ἐκ·

200 1172 226 1229 Τ
228 1166 352 1249 ραπέυτες
364 1167 391 1227 δέ
403 1171 438 1236 είς
452 1167 611 1251 εύφροσύνην
629 1172 791 1251 εὐωχοῦνται
805 1172 840 1237 ὡς
856 1171 982 1242 ἀπηλλα-
1023 1167 1138 1236 πλεύσας
1149 1171 1164 1226 ὁ
1175 1167 1309 1234 Μενέλαος
1321 1166 1389 1245 μετὰ
1399 1166 1477 1226 πέντε
1488 1171 1552 1227 νεῶν
1565 1172 1600 1236 είς
1611 1169 1747 1248 Αἴγυπτον
1757 1194 1807 1229 πα·

199 1254 984 1340 γμένοιτοῦπολέμου.Ἐναῦτῷδέδύοδροίκοντεςέπιφανέν-
1025 1255 1807 1337 ραγίνεται,τῦνλοιπῶνδιαφθαρεισῶννεῦνέντῷπελάγει.

198 1366 242 1411 τες
252 1342 297 1403 τόν
312 1367 341 1403 τε
353 1341 513 1405 Λαοκόωντα
525 1342 570 1402 καί
581 1343 625 1403 τδν
642 1343 729 1426 έτερον
740 1349 793 1404 τῶν
808 1343 910 1404 παίδων
922 1346 982 1403 δια·
1024 1340 1160 1424 Οἱδέπερί
1168 1341 1315 1422 Κάλχαντα
1325 1340 1371 1401 καί
1380 1341 1495 1402 Λεοντέα
1504 1342 1551 1401 καὶ
1560 1342 1730 1417 Πολυποίτην
1738 1349 1805 1425 πεζῇ

199 1429 355 1513 φθείρουσιν.
374 1430 439 1493 Ἐπὶ
455 1429 483 1490 δέ
498 1434 537 1513 τῷ
554 1430 644 1512 τέρατι
663 1431 867 1514 δυςφορνίσαντες
882 1435 907 1491 oi
921 1432 983 1513 περί
1023 1431 1188 1514 πορευθέντες
1199 1433 1236 1498 εἰς
1251 1433 1411 1513 Κολοφῶνα,
1427 1429 1567 1512 Τειρεσίαν
1584 1433 1697 1490 ἐνταῦθα
1714 1434 1805 1492 τελευ-

199 1518 243 1579 τδν
255 1518 362 1581 Αἰνείαν
379 1517 521 1590 ὑπεξῆλθον
533 1521 569 1587 είς
583 1518 632 1591 πλν
647 1516 731 1592 Ἴδην.
754 1518 809 1580 Καί
826 1518 911 1581 Σίνων
923 1518 983 1588 τοὺς
1025 1519 1143 1591 πείσαντα
1155 1517 1308 1580 θάπτουσιν.

199 1605 314 1689 πυρσοῦς
332 1604 436 1685 ἀνίσχει
450 1614 505 1672 τοῖς
525 1605 652 1684 Ἀχαιοῖς,
671 1604 797 1688 πρότερον
815 1605 983 1679 είςιληλυθὼς
1064 1610 1126 1668 Τῶν
1139 1606 1167 1666 δὲ
1178 1606 1239 1690 περὶ
1254 1606 1298 1666 τὸν
1316 1605 1498 1686 Ἀγαμέμνονα
1510 1603 1695 1665 ἀποπλεόντων
1714 1606 1804 1686 Ἀχιλ·

199 1694 378 1776 προςποίητος.
390 1695 427 1754 Οἱ
440 1690 467 1752 δέ
479 1695 509 1752 ἐκ
522 1696 548 1753 Τ
549 1691 635 1751 ενέδου
651 1693 888 1774 προς-πλεύσαντες,
900 1693 983 1753 καλοί
1023 1693 1088 1762 λέως
1099 1694 1205 1753 είδωλον
1219 1692 1342 1776 ἐπιφανὲν
1358 1704 1483 1775 πειρᾶται
1499 1692 1661 1766 διακωλύειν,
1679 1692 1807 1775 προλέγω

199 1784 230 1840 ἐκ
240 1786 287 1840 τοῦ
305 1779 420 1863 δουρείου
435 1779 517 1839 ίππου
530 1779 699 1839 ἐπιπίπτουσι
710 1790 764 1849 τοῖς
774 1781 924 1859 πολεμίοις,
936 1781 984 1840 καλ
1023 1780 1057 1840 τά
1073 1781 1271 1859 συμόησόμενα.
1290 1772 1349 1842 Εἶθ’
1365 1785 1380 1840 δ
1396 1780 1457 1862 περὶ
1473 1778 1521 1848 τάς
1537 1780 1694 1862 Καφηρίδας
1709 1779 1808 1862 πάτρας

198 1869 311 1938 πολλοὺς
323 1868 456 1937 ἀνελόντες
466 1867 514 1941 τὴν
526 1867 603 1927 πόλιν
614 1868 684 1928 κατὰ
700 1869 795 1950 κράτος
805 1868 981 1948 λαμόάνουσι.
1024 1870 1148 1942 δηλοῦται
1154 1867 1257 1949 χειμὼν
1264 1868 1334 1941 καλὴ
1348 1868 1460 1937 Αίαντος
1470 1868 1554 1952 φθορά
1565 1873 1611 1928 τοῦ
1619 1872 1731 1948 Λοκροῦ.
1739 1872 1806 1931 Νεο-

240 1958 295 2046 liat
312 1956 495 2036 Νεοπτόλεμος
512 1953 560 2034 μέν
579 1955 728 2016 ἀποκτείνει
744 1957 867 2038 Πρίαμον
883 1956 926 2015 ἐπὶ
937 1956 982 2016 τδν
1023 1955 1153 2035 πτόλεμος
1165 1955 1193 2016 δέ
1204 1956 1313 2024 Θέτιδος
1325 1955 1487 2035 ὑποθεμένης
1497 1961 1563 2036 πεζῇ
1575 1965 1688 2015 ποιεῖται
1699 1956 1809 2028 τὴνπο-

197 2052 244 2106 τοῦ
256 2046 316 2115 Διδς
327 2050 373 2105 τοῦ
386 2044 485 2128 ίρκείου
499 2043 588 2125 βωμὸν
599 2044 795 2127 καταφυγόντα.
809 2044 943 2113 Μενέλαος
955 2044 983 2105 δέ
1026 2043 1111 2126 ρείαν,
1131 2044 1178 2103 καί
1196 2045 1407 2126 παραγενόμενος
1424 2047 1460 2112 είς
1478 2042 1589 2125 Θρᾴκην
1608 2043 1742 2104 Ὀδυσσέα
1760 2068 1809 2103 κα-

198 2132 314 2216 ἀνευρὼν
320 2131 435 2206 Ἕλενην
443 2132 486 2193 ἐπὶ
494 2131 541 2199 τὰς
547 2136 609 2200 ναῦς
616 2132 881 2216 κατάγει,Δηίφοόον
888 2133 983 2216 φονεύ·
1023 2131 1190 2210 ταλαμόάνει
1201 2133 1228 2190 ἐν
1244 2136 1278 2212 ’τῇ
1295 2131 1439 2213 Μαρωνείᾳ
1455 2131 1502 2190 καὶ
1516 2131 1547 2191 τδ
1564 2130 1655 2190 λοιπὸν
1672 2130 1746 2191 ἀνύει
1761 2137 1806 2204 τῆς

199 2244 257 2289 σας.
276 2218 453 2301 Κασσάνδραν
466 2217 494 2278 δέ
506 2218 573 2287 Aia<
584 2218 695 2288 Ὀιλέως
705 2219 770 2303 πρδς
800 2220 842 2278 ίαν
855 2223 982 2281 ἀποσπῶν
1023 2220 1092 2277 ὁδοῦ.
1105 2217 1162 2279 Καὶ
1176 2217 1370 2290 τελευτήσαντα
1386 2218 1501 2279 Φοίνικα
1512 2217 1620 2293 θάπτει,
1637 2218 1715 2286 αὐτὸς
1726 2217 1756 2278 δέ
1771 2221 1808 2287 είς

197 2306 481 2391 συνεφέλκεταιτδτῆς
493 2307 601 2379 Ἀθηνᾶς
612 2306 711 2375 ξόανον·
725 2225 983 2389 έφίἓπαροξυνθέν-
1023 2305 1177 2373 Μολοσσοὺς
1200 2305 1355 2389 ἀφικόμενος
1379 2306 1583 2388 ἀναγνωρίζεται
1604 2309 1693 2381 Πηλεῖ
1693 2352 1756 2369 ......
1777 2306 1810 2365 τά

198 2421 240 2466 τες
250 2400 275 2456 oi
285 2396 416 2469 Ἕλληνες
428 2397 592 2455 καταλεῦσαι
605 2393 743 2475 βούλονται
756 2394 800 2454 τὸν
819 2396 931 2456 Αἴαντα.
947 2395 982 2457 Ὀ
1024 2392 1216 2472 Ἀγαμέμνονος
1228 2391 1279 2452 iri
1291 2393 1417 2473 Αἰγίσθου
1429 2395 1475 2453 καί
1485 2393 1725 2476 Κλυταιμνήστρας
1734 2398 1807 2453 ἀναι·

199 2483 226 2543 δὲ
240 2483 283 2544 ἐπί
294 2483 338 2543 τδν
350 2489 398 2556 τῆς
409 2484 517 2556 Ἀθηνᾶς
530 2483 619 2563 βωμδν
628 2481 788 2564 καταφεύγει
799 2480 846 2542 καί
858 2481 983 2554 διασώζε·
1025 2479 1140 2563 μεθέντος
1151 2481 1195 2540 ὑπ’
1208 2480 1335 2562 Ὀρέστου
1348 2482 1394 2542 καλ
1406 2481 1530 2541 Πυλάδου
1546 2480 1675 2563 τιμωρία,
1693 2482 1740 2542 καὶ
1751 2486 1809 2544 fla·

196 2595 242 2632 ται
256 2574 287 2631 ἐκ
296 2577 343 2631 τοῦ
357 2570 520 2650 ἐπικειμένου
532 2568 659 2633 κινδύνου.
672 2569 787 2631 Ἔπειτα
806 2569 981 2629 ἀποπλέουσιν
1024 2567 1118 2630 νελάου
1130 2571 1166 2636 είς
1176 2566 1224 2639 την
1236 2568 1334 2628 οἰκείαν
1346 2570 1503 2648 ἀνακομιδή.

198 2658 376 2734 οίἝλληνες,
387 2658 434 2720 καί
444 2656 541 2743 φθοράν
554 2661 642 2726 αὐτοῖς
657 2658 753 2731 Ἀθηνᾶ
765 2655 834 2716 κατά
851 2655 882 2716 τδ
893 2655 980 2716 πίλα·
1062 2654 1140 2718 Meri
1159 2655 1244 2715 ταῦτά
1261 2659 1331 2715 ἐστιν
1350 2655 1498 2738 Ὀμήρου
1508 2655 1701 2716 Ὀδυσσεία·
1721 2655 1809 2716 ἔπειτα

198 2772 242 2827 γος
253 2758 418 2830 μηχανᾶται.
1023 2741 1808 2825 ΤηλεγονίαςβιόλίαδόοΕύγάμμονοςΚυρηναίου,

238 2883 301 2900 ......
323 2836 370 2898 καί
386 2834 535 2903 Ὀδυσσέως
554 2833 734 2895 Ἀστυάνακτα
755 2830 888 2901 ἀνελόντος
910 2835 982 2895 Νεο-
1022 2830 1264 2912 περιέχοντατάδε.

196 2922 328 3004 πτόλεμος
334 2921 514 3008 Ἀνδρομάχην
522 2921 600 3006 γέρας
605 2920 745 3002 λαμόάνει,
751 2919 798 2982 καί
804 2920 838 2981 τά
845 2917 925 2981 λοιπά
931 2918 983 2979 λά·
1034 2904 1043 2923 ⁶
1064 2923 1100 2981 0i
1113 2919 1255 3002 μνήστορες
1266 2919 1318 2980 ῦπδ
1327 2923 1381 2980 τῦιν
1392 2918 1572 3003 προςηκόντων
1583 2916 1738 2981 θάπτονται.
1750 2919 1807 2981 Καί

197 3035 267 3095 φυρα
284 3012 460 3091 διανέμονται.
479 3015 613 3094 Δημοφῶν
631 3034 660 3070 τε
677 3010 724 3069 καλ
742 3007 863 3088 Ἀκαμας
880 3007 981 3090 Ἀίθραν
1023 3007 1167 3075 Ὀδυσσεὺς
1179 3006 1258 3075 θύσας
1270 3007 1395 3090 Νύμφαις
1404 3011 1440 3076 είς
1448 2998 1528 3067 Ἶίλιν
1538 3007 1654 3065 ἀποπλεῖ
1663 3006 1807 3087 hunnid-

197 3099 314 3184 εὑρόντες
332 3099 438 3181 άγουσιν
457 3100 514 3179 μεθ’
531 3103 641 3160 ἑαυτῶν.
661 3096 777 3160 Ἔπειτα
798 3096 980 3179 ἐμπρήσαντες
1024 3118 1099 3175 μενος
1109 3095 1143 3155 ri
1156 3094 1293 3176 βουκόλια,
1305 3094 1350 3154 καί
1362 3094 1486 3165 ξενίζεται
1497 3092 1571 3176 παρὰ
1583 3092 1739 3175 Πολυξένῳ,
1752 3095 1806 3153 δῶ-

197 3298 302 3360 ligneum
313 3296 338 3344 in
348 3294 432 3344 urbem
439 3293 573 3357 recipiunt,
585 3292 686 3355 disjecta
696 3296 764 3357 parte
775 3292 852 3355 muri,
863 3296 889 3342 et
899 3291 985 3355 epulas
1025 3290 1085 3340 inde
1095 3292 1194 3341 iuoensa
1205 3289 1265 3341 urhe
1276 3289 1423 3353 Polyxenam
1431 3301 1504 3352 snper
1512 3286 1611 3341 Achillis
1620 3287 1717 3337 tammo
1728 3288 1812 3337 immo

196 3364 654 3429 eelebrantqnasirtemrladenreeis
665 3366 793 3427 reportata.
1028 3359 1088 3409 lant

228 3441 367 3501 θυηυυιιιυε
375 3435 429 3484 hmo
439 3435 521 3496 irojoe
527 3433 635 3484 Excidit
645 3433 699 3482 libri
709 3432 865 3482 dqurctlnl
876 3430 983 3493 mle-rii,
1055 3433 1118 3481 cnm
1129 3429 1168 3480 his
1179 3430 1301 3481 oohrerent
1312 3431 1450 3480 amonem
1462 3427 1625 3489 (liedltnnm)
1639 3427 1695 3478 libri
1707 3427 1814 3491 qumque

196 3507 239 3572 qni
248 3507 301 3557 lune
309 3503 514 3568 comprehendunt
525 3518 532 3552 ε
544 3508 571 3553 ut
578 3516 628 3552 rem
638 3502 668 3553 de
677 3516 740 3566 equo
748 3506 885 3564 suspectam
892 3501 980 3550 hahen-
1024 3504 1115 3563 Amice
1124 3501 1165 3565 [al.
1179 3501 1280 3565 Hnyioe]
1296 3503 1438 3556 iioeseril,
1449 3499 1491 3562 qui
1500 3500 1553 3549 hee
1562 3499 1782 3562 eomprehendnnt

199 3582 235 3629 les
246 3575 340 3638 Troiani
351 3575 535 3625 circumstantes
551 3573 698 3631 deliberant,
715 3570 775 3633 qrrid
791 3574 900 3634 operteat
910 3571 962 3620 lieri
976 3585 982 3619 τ
1055 3572 1161 3622 ilinerra
1170 3571 1232 3619 inter
1242 3576 1445 3632 Agamemnonem
1454 3574 1479 3619 et
1487 3569 1622 3617 Menelaum
1633 3568 1813 3617 oontmiionrm

196 3653 222 3700 et
232 3648 286 3698 aliis
296 3645 394 3711 quidem
405 3643 500 3694 ridetur
510 3643 535 3693 iu
546 3657 613 3693 mare
624 3640 810 3705 praecipitandus
823 3653 915 3705 equus,
929 3639 984 3690 aliis
1025 3646 1106 3692 moret
1122 3640 1152 3692 de
1168 3640 1255 3691 reditu.
1267 3646 1299 3691 Et
1309 3646 1456 3703 Agamemno
1467 3639 1565 3702 quidem
1576 3639 1692 3688 llinerrre
1704 3639 1766 3687 iram
1777 3652 1813 3688 se·

196 3714 389 3775 oombnrendus;
398 3714 438 3764 alil
449 3713 553 3777 deniqne
568 3726 626 3763 enm
637 3716 752 3776 tanquam
763 3723 857 3759 morum
869 3711 984 3760 Minerrm
1024 3713 1125 3764 daturus
1136 3714 1257 3772 remanet,
1270 3711 1400 3762 Diomedes
1412 3723 1469 3759 rere
1479 3715 1504 3760 et
1517 3713 1603 3760 Nestor
1614 3709 1668 3758 vela
1683 3709 1773 3759 dantes
1785 3709 1811 3758 in

196 3786 302 3838 dedicari
313 3784 401 3836 dehere
417 3783 538 3833 dixerant.
552 3789 587 3833 Ao
598 3782 695 3832 tandem
706 3782 793 3831 horum
804 3781 923 3830 sententie
933 3781 984 3829 rin·
1024 3784 1126 3848 patriam
1137 3783 1197 3832 salvi
1206 3783 1362 3844 perreniuat;
1372 3785 1495 3845 pontonos
1502 3780 1624 3829 Menelaus
1633 3784 1750 3838 areatas,
1757 3792 1813 3829 enm

196 3859 238 3908 eit.
252 3856 321 3908 versi
332 3858 414 3905 autem
429 3854 453 3904 in
470 3853 594 3914 laetitiam,
606 3852 690 3917 epulas
701 3851 835 3913 eelebrent,
847 3851 916 3914 qnasi
925 3849 984 3899 libe·
1024 3856 1130 3918 qrrinqne
1139 3853 1240 3903 mribus
1247 3854 1272 3902 in
1280 3852 1493 3916 AEgyptnmrenit,
1501 3850 1599 3913 redonis
1606 3850 1744 3899 navihnsin
1753 3851 1814 3899 mari

196 3927 341 3979 ratiahello.
350 3923 549 3985 Dnmhmoiiunt,
557 3924 605 3974 duo
613 3924 728 3973 draoones
735 3926 857 3987 apparent,
865 3926 889 3971 et
895 3924 983 3971 Laooo
1024 3925 1130 3988 perditis.
1142 3928 1172 3974 At
1178 3924 1293 3982 calchas,
1302 3926 1423 3973 Leonteus
1429 3928 1455 3972 et
1462 3922 1606 3983 Polypoetee,
1615 3932 1672 3968 eum
1680 3921 1754 3969 sociis
1762 3920 1813 3969 suis

196 4003 338 4049 onlemomn
343 3995 417 4045 altero
424 3994 696 4051 liliornmenecant.Qno
701 3990 808 4055 prodigio
813 3992 889 4040 territi
896 3995 983 4041 AEneae
1024 3995 1130 4044 terrestri
1137 3994 1222 4043 itinere
1229 3992 1393 4057 colophonem
1400 3987 1813 4056 proteemiht'firesiamwatcme

196 4072 222 4118 et
233 4067 292 4117 soah
301 4066 377 4129 ipsius
391 4067 542 4115 secesserunt
555 4062 580 4112 iu
590 4063 666 4112 idam.
682 4066 717 4112 Ao
726 4060 798 4111 sinon
808 4075 851 4126 per
861 4061 925 4110 iares
936 4061 982 4110 ela·
1024 4064 1098 4127 terni]
1110 4064 1250 4114 deliinetum
1262 4062 1390 4127 sepeliunt.
1431 4080 1435 4089 ν

196 4142 235 4187 tas
244 4136 311 4199 signa
322 4134 419 4185 Achivis
428 4133 508 4193 dedit,
521 4132 601 4195 paullo
610 4138 665 4183 ante
679 4131 763 4181 urbem
776 4131 898 4192 Ingressus
909 4131 982 4180 simu·
1055 4136 1138 4191 Quum
1147 4131 1331 4195 Agamemnonis
1341 4131 1400 4180 sneii
1409 4129 1554 4190 evehuntur,
1564 4129 1664 4180 Achillis
1675 4128 1764 4177 umbra
1772 4141 1811 4191 ap·

196 4204 285 4257 latione
294 4217 347 4255 sna.
357 4203 394 4254 Illi
406 4207 487 4253 autem
498 4201 618 4252 eTenedo
629 4200 732 4251 naribus
745 4199 853 4263 aduecti,
871 4204 896 4250 et
908 4200 950 4262 qui
968 4213 982 4250 e
1023 4215 1109 4264 parens
1118 4217 1161 4252 eos
1170 4203 1296 4266 prohibere
1305 4205 1396 4263 teniat,
1404 4200 1537 4265 praedicens
1546 4212 1602 4262 qne
1610 4198 1667 4248 inde
1678 4199 1730 4248 sint
1740 4210 1809 4248 eren·

196 4277 274 4340 ligneo
284 4289 346 4339 equo
356 4273 446 4336 egressi
464 4276 545 4334 mant,
558 4273 642 4322 hostes
658 4270 835 4335 aggredimur,
851 4271 982 4334 multisque
1022 4276 1085 4321 tura.
1097 4276 1168 4323 Tune
1180 4276 1313 4336 tempestas
1324 4272 1353 4321 ad
1367 4285 1424 4321 saxa
1434 4272 1557 4334 capharea
1568 4274 1680 4318 nmmtnr
1690 4273 1717 4318 et
1733 4269 1812 4329 Aiacis

197 4343 519 4408 erestembemricapiunt.
655 4398 662 4407 ‚
1022 4343 1148 4391 Locrensis
1160 4343 1279 4392 interitus.
1292 4341 1472 4405 Neoptolemus,
1483 4339 1584 4390 Tlreiide
1597 4339 1726 4399 suadente,
1740 4344 1811 4389 terre

228 4424 263 4468 Ao
270 4415 441 4480 Neoptolemus
450 4413 636 4476 Priamum,qni
644 4412 675 4462 ad
684 4412 752 4462 loris
759 4409 845 4463 Hercei
853 4423 920 4460 mam
928 4422 982 4459 οοιι
1022 4416 1071 4462 stre
1083 4413 1127 4462 iter
1134 4413 1199 4473 iacit,
1207 4418 1241 4471 et,
1248 4424 1324 4475 qnam
1331 4412 1355 4459 in
1365 4411 1491 4460 Thraciam
1499 4409 1615 4469 venisset,
1627 4410 1810 4470 Ulyssemasse

196 4479 981 4551 ingeratmreidit.Menelansantemileleuamrepertamadnares
1021 4479 1511 4543 quitnrMnroneae;dehinoreliqunmriae
1521 4477 1810 4541 perficitlitdeinnotnm

196 4558 310 4618 abducit,
320 4555 445 4618 Deiphobo
454 4554 586 4605 interiecto.
598 4554 755 4604 Cassandram
764 4553 821 4616 Aiax
831 4552 891 4603 Oilei
902 4551 934 4600 ah
942 4565 981 4600 an
1021 4552 1159 4601 Phenieem
1166 4552 1260 4615 sepelit,
1267 4552 1319 4615 lpse
1325 4563 1383 4599 vero
1390 4549 1419 4599 ad
1427 4550 1544 4600 Molossos
1551 4547 1809 4613 pmfeerusadreniens

197 4629 265 4692 liqna
271 4631 351 4677 sumn
358 4624 790 4688 Minerraeperriolentiamahripiens,
795 4623 872 4687 ipsam
877 4626 981 4671 statuam
1021 4623 1157 4685 agnoscitur
1170 4636 1184 4672 a
1196 4623 1266 4673 Peleo
1269 4658 1313 4671 .....
1323 4621 1518 4683 Agamemnonis,
1529 4620 1560 4669 ah
1568 4619 1678 4681 AEmstlm
1688 4623 1714 4668 et
1722 4618 1809 4680 clyne

197 4711 254 4747 enm
264 4710 294 4748 ea
304 4697 407 4748 detrahit
420 4712 425 4745 :
437 4710 486 4760 qna
495 4708 521 4746 re
532 4695 668 4761 exasperati
677 4696 767 4757 Graeei,
780 4695 884 4759 lapidare
896 4693 981 4742 rolant
1021 4699 1125 4743 mnestra
1132 4694 1218 4754 occisi,
1228 4694 1286 4744 ultio
1294 4693 1325 4743 ab
1334 4696 1420 4743 Oreste
1426 4696 1451 4742 et
1457 4690 1546 4753 Pylade
1554 4694 1665 4755 peraeta,
1674 4690 1808 4751 etllmelai

197 4767 302 4828 Aiacem
315 4767 364 4826 Qui
379 4767 404 4816 in
415 4766 530 4817 liinerrae
540 4780 607 4816 nram
618 4765 724 4829 eonlugit
735 4771 760 4815 et
775 4769 883 4816 servatur
894 4776 909 4814 e
920 4764 980 4826 peri·
1020 4764 1045 4812 in
1056 4765 1157 4827 patriam
1169 4762 1270 4812 reditus.

197 4838 253 4888 culo
271 4837 418 4887 imminente.
436 4835 495 4886 inde
506 4838 642 4887 evehuntur
653 4837 750 4888 Graeei:
766 4836 856 4900 quihus
873 4836 980 4885 Minerva
1051 4834 1207 4898 iirecexeipit
1218 4835 1323 4883 Homeri
1339 4829 1458 4894 odyssea.
1468 4833 1546 4888 Quam
1556 4832 1693 4892 sequnntur
1707 4828 1804 4890 Teleoo

197 4908 298 4958 exilium
306 4908 332 4958 in
340 4906 401 4957 mari
411 4906 569 4958 machinatur.
1021 4906 1074 4953 rrioe
1089 4904 1144 4954 libri
1159 4903 1209 4953 duo
1225 4906 1412 4966 Eupnmmoais
1427 4903 1558 4963 cyrenei,
1577 4899 1619 4964 qni
1636 4898 1692 4949 hmo
1700 4898 1803 4961 onmple

230 5013 279 5027 ......
290 4982 316 5027 et
324 4980 468 5041 Astyanacte
476 4977 600 5041 ahUiysse
610 4977 703 5039 oociso,
711 4975 880 5041 Neoptolemus
889 4973 979 5024 Andro·
1019 4975 1126 5022 otnntnr.

198 5044 978 5111 maehenpmpraemiosnmitetreliquamanuhiadishihnuninr.
1050 5033 1804 5106 Proclapmpmqnissepellnnturnaniyssesqnnmhympiir

197 5116 339 5181 Demophon
354 5120 379 5169 et
391 5120 491 5168 Acamas
502 5118 608 5168 AEthram
620 5120 738 5182 repertam
750 5128 833 5167 seeum
843 5113 976 5166 abductam.
1019 5111 1434 5178 memmoeamuidemerehion,
1444 5108 1725 5174 inspeotnrnsannmiay
1732 5103 1802 5157 etho
