3850 5900
651 692 1213 831 PRAEFATIO.

705 1046 1137 1081 ----ιοοοοει----ω

219 1330 416 1461 laesurum
436 1406 624 1483 nostrum,
647 1417 724 1491 quo
745 1392 855 1492 prlml
883 1393 921 1465 in
949 1392 1066 1465 Gallia
1089 1395 1233 1472 Graecos
1252 1391 1448 1490 scriptores
1468 1393 1507 1462 in
1531 1391 1641 1461 unius

215 1504 380 1599 corporis
401 1507 685 1604 aequabilitatem
713 1507 875 1606 redigere
899 1508 1052 1607 aggressi
1077 1533 1224 1598 sumus,
1256 1505 1577 1579 commendatione
1607 1519 1643 1576 et

216 1616 313 1686 notis
326 1618 582 1714 prefationum
594 1620 736 1693 artibus
748 1646 851 1718 egere
864 1649 941 1695 non
955 1620 1122 1715 videtur;
1141 1622 1206 1696 sed
1220 1623 1346 1721 paucis
1356 1621 1555 1694 dicendum
1570 1634 1643 1708 est,

217 1729 316 1802 unde
337 1758 379 1805 ea
391 1759 504 1833 quam
522 1734 696 1834 elegimus
715 1736 851 1809 edendi
870 1738 961 1810 ratio
984 1728 1153 1836 pendeat.
1171 1736 1319 1809 Dudum
1336 1759 1428 1830 aegre
1445 1734 1644 1813 tuleramus

213 1846 315 1941 quod
332 1863 388 1921 tot
405 1850 627 1949 scriptorum
645 1851 829 1925 editiones
842 1853 1025 1925 veteribus
1039 1852 1239 1952 inquinatae
1256 1851 1355 1922 vitiis
1369 1848 1478 1947 vulgo
1491 1846 1645 1923 circum÷

217 1958 398 2037 ferrentur
423 1981 532 2065 atque
554 1965 646 2039 adeo
669 1969 801 2066 soeplus
824 1981 1089 2066 repeterentur,
1109 1965 1197 2037 dum
1223 1979 1405 2037 exstarent
1429 1958 1643 2041 eorumdem

216 2076 439 2174 scriptorum
462 2079 664 2155 emendatae
688 2098 768 2154 eta
794 2082 948 2154 summis
975 2082 1110 2155 criticis
1133 2080 1288 2180 antiqno
1310 2078 1423 2152 nitori
1445 2079 1641 2157 restitutaez

217 2216 342 2262 annon
366 2195 531 2292 oportuit
552 2195 702 2267 illorum
726 2198 983 2294 ingeniorum,
1004 2223 1087 2297 quae
1108 2197 1240 2297 optimi
1260 2195 1400 2295 quique
1424 2194 1643 2271 nostratium

217 2305 388 2407 laudibus
401 2324 436 2379 et
451 2309 655 2395 imitatione
673 2310 922 2402 celebrarunt,
941 2338 1052 2418 opera
1070 2312 1311 2412 popularibus
1330 2310 1465 2387 nostris
1482 2309 1645 2381 exhiberi

217 2447 329 2519 pura,
345 2422 553 2516 emendata,
574 2441 756 2524 quantum
780 2427 858 2500 lieri
879 2442 1002 2526 potest
1017 2426 1132 2501 libera
1152 2452 1173 2498 a
1193 2426 1452 2527 depravatione
1470 2425 1646 2501 barbaria

217 2567 329 2639 quarn
352 2541 589 2615 transierant?
613 2549 690 2618 Hoc
712 2546 822 2644 igitur
839 2548 1002 2646 primum
1023 2558 1061 2617 et
1081 2541 1266 2643 praecipue
1288 2566 1479 2632 curamus,
1503 2556 1544 2612 ut
1567 2566 1643 2623 non

216 2657 337 2730 solum
358 2683 401 2729 ex
420 2660 570 2758 optimis
592 2686 674 2758 quae
698 2677 840 2738 exstant
860 2660 1089 2742 editionibus
1107 2658 1327 2761 scriptorum
1346 2657 1503 2755 quisque
1526 2656 1645 2754 capris

220 2788 351 2863 matur,
369 2773 434 2846 sed
450 2773 582 2848 harum
599 2777 707 2849 etiam
728 2776 861 2850 multas
878 2777 1014 2850 criticis
1032 2773 1276 2848 celeberrimis
1292 2772 1510 2845 tradidimus
1522 2771 1647 2848 denuo

218 2888 477 2962 examinandas
488 2905 524 2963 et
536 2890 798 2981 emendandam
819 2908 1011 2992 praeterea,
1036 2888 1262 2988 ubicumque
1279 2912 1337 2961 res
1357 2887 1503 2961 videtur
1520 2901 1643 2986 postu

217 3001 432 3101 lare,Regiae
444 3005 677 3079 Bibliothecae
689 3010 958 3106 manuscriptos
973 3009 1069 3079 imus
1086 3004 1309 3078 consultum.
1333 3003 1448 3075 Altera
1468 3027 1554 3075 cura
1573 3017 1647 3093 est,

219 3133 261 3188 ut
278 3117 324 3190 ad
343 3119 620 3219 intelligentiam
643 3148 794 3221 quoqne
816 3123 1037 3220 scriptorum
1056 3119 1095 3191 in
1115 3117 1339 3191 Collectione
1359 3132 1483 3190 nostra
1505 3132 1648 3215 praeste-

218 3257 301 3303 mus
319 3232 423 3331 quod
437 3235 554 3333 prosit
574 3237 774 3336 unicuique
794 3261 802 3308 ε
821 3261 938 3335 quum
953 3235 1052 3306 enim
1067 3233 1255 3307 adnotatio
1274 3233 1330 3305 vel
1348 3232 1647 3332 prestantissima

219 3372 263 3419 ex
288 3346 441 3425 arbitrio
462 3349 624 3448 denique
649 3352 808 3451 pendeat
833 3350 1155 3438 commentatoris,
1174 3349 1234 3421 cui
1252 3346 1361 3446 plana
1377 3372 1648 3446 nonnunquam

218 3462 444 3537 videbuntur
463 3491 545 3565 quae
565 3468 646 3540 aliis
667 3467 842 3558 obscura,
863 3467 1172 3564 interpretationes
1196 3463 1328 3534 latinns
1351 3487 1372 3534 e
1396 3463 1547 3560 regione
1564 3487 1649 3560 grae·

218 3603 348 3650 corum
365 3605 504 3678 ponere
525 3581 774 3674 decrevimus,
796 3598 925 3691 utpote
951 3605 1033 3680 quae
1058 3604 1208 3679 prorsus
1226 3578 1352 3651 omnia
1370 3576 1543 3668 reddant,
1570 3603 1646 3649 non

218 3691 321 3765 looos
342 3695 495 3768 selectos
527 3697 723 3770 illustrent.
753 3703 826 3771 Has
852 3723 959 3788 vero,
991 3712 1188 3793 antequam
1213 3694 1403 3767 tradantur
1429 3673 1647 3792 typotbetis,

219 3807 423 3882 doctissimi
441 3812 508 3883 viri
527 3838 653 3886 severo
668 3814 828 3887 examini
846 3811 1026 3912 subjectas
1042 3824 1209 3882 accurate
1227 3808 1434 3904 corrigunt;
1453 3806 1650 3879 nonnullo·

220 3949 303 3995 rum
326 3927 549 4025 scriptorum
568 3929 677 4028 plane
695 3956 800 4004 novae
819 3943 1004 4029 parantur.
1028 3928 1197 4024 Denique
1219 3922 1379 3996 multum
1402 3924 1524 4020 augeri
1542 3937 1648 4021 puta·

218 4039 341 4114 rimus
367 4041 574 4117 editionum
605 4060 812 4119 nostrarum
839 4045 1060 4134 utilitatem,
1087 4042 1117 4114 si
1140 4040 1233 4114 boni
1259 4065 1376 4112 rerum
1397 4042 1647 4138 nominumque

219 4153 355 4227 indi‘ees
368 4154 610 4249 adderentur3
639 4182 725 4230 nam
740 4157 797 4230 vel
815 4158 842 4229 ii
858 4157 924 4256 qui
943 4158 1160 4258 scriptorem
1174 4157 1334 4255 aliquem
1352 4181 1444 4254 saepe
1460 4155 1645 4253 legerunt,

221 4294 493 4370 nonnunquam
509 4268 609 4346 haud
628 4275 714 4346 satis
735 4274 934 4346 meminere
958 4299 1035 4372 quo
1059 4275 1097 4346 in
1118 4271 1215 4346 libro
1235 4271 1313 4369 ejus
1329 4297 1452 4372 quove
1467 4297 1572 4343 versu
1594 4270 1649 4343 vel

220 4385 340 4483 eapite
367 4403 536 4459 narretur
566 4414 623 4460 res
652 4414 725 4487 qua
751 4382 845 4488 opus
876 4388 1028 4463 habent.
1055 4393 1226 4480 Ceterum
1256 4387 1303 4461 de
1333 4413 1420 4460 cura
1449 4388 1651 4485 unicuique

220 4502 391 4599 scriptori
407 4503 574 4602 impensa
587 4503 764 4576 referetur
779 4505 817 4577 in
832 4504 1119 4606 prefationibus.

270 4619 436 4704 Hortum,
456 4633 498 4689 ut
514 4643 615 4690 nunc
631 4643 687 4690 res
707 4635 812 4710 sunt,
844 4621 1026 4715 Wolfiana
1045 4620 1125 4693 dari
1148 4618 1304 4694 debebat
1327 4620 1512 4709 recensio,
1537 4644 1648 4718 quam

221 4755 264 4802 ex
287 4732 461 4804 Gulielmi
483 4732 667 4805 Dindorlii
689 4734 852 4808 editione
870 4751 1036 4809 accurate
1055 4738 1309 4835 expressimus.
1332 4736 1652 4834 lnterpretationes

221 4844 363 4936 latinae,
384 4845 485 4918 bono
501 4862 541 4919 ut
558 4848 666 4920 nobis
679 4848 824 4920 videtur
837 4851 1014 4942 consilio,
1032 4852 1070 4924 in
1085 4851 1159 4926 hoc
1175 4852 1433 4951 antiquissimo
1450 4867 1556 4950 poeta
1573 4876 1652 4922 ver·

222 4959 312 5032 bum
325 4959 438 5034 verbo
451 4960 630 5052 reddunt,
641 4963 711 5035 nisi
725 4963 827 5061 quod
842 4989 939 5062 saepe
951 4980 1091 5038 comtas
1101 4966 1347 5064 posteriorum
1360 4990 1462 5037 more
1476 4966 1649 5064 periodos

225 5077 412 5174 ingerunt,
431 5079 731 5176 oppositionibus
745 5079 979 5171 distinentes,
1002 5080 1207 5153 causalibus
1229 5081 1415 5180 particulis
1435 5081 1651 5176 vincientes,

221 5219 304 5290 qnae
318 5192 418 5291 apud
437 5193 541 5265 illum
564 5195 722 5290 ingenue
745 5212 781 5267 et
799 5196 912 5268 libere
935 5196 1151 5294 procedunt.
1175 5204 1343 5269 Praeterea
1363 5197 1451 5295 ipsis
1471 5197 1649 5273 inbaerent
